|j|☆Slowbroquaza
|j|☆PranksterCat
|t:|1711945504
|gametype|singles
|player|p1|Slowbroquaza|101|1106
|player|p2|PranksterCat|roxanne|1158
|teamsize|p1|6
|teamsize|p2|6
|gen|9
|tier|[Gen 9] NU
|rated|
|rule|Species Clause: Limit one of each Pokémon
|rule|OHKO Clause: OHKO moves are banned
|rule|Evasion Items Clause: Evasion items are banned
|rule|Evasion Moves Clause: Evasion moves are banned
|rule|Endless Battle Clause: Forcing endless battles is banned
|rule|HP Percentage Mod: HP is shown in percentages
|rule|Sleep Moves Clause: Sleep-inducing moves are banned
|clearpoke
|poke|p1|Espeon, M|
|poke|p1|Swampert, M|
|poke|p1|Emboar, F|
|poke|p1|Rotom-Heat|
|poke|p1|Dragalge, M|
|poke|p1|Tsareena, F|
|poke|p2|Arboliva, F|
|poke|p2|Tentacruel, M|
|poke|p2|Overqwil, F|
|poke|p2|Infernape, M|
|poke|p2|Vikavolt, F|
|poke|p2|Tornadus, M|
|teampreview
|inactive|Battle timer is ON: inactive players will automatically lose when time's up. (requested by Slowbroquaza)
|inactive|Slowbroquaza has 120 seconds left.
|inactive|Slowbroquaza has 90 seconds left.
|inactive|Slowbroquaza has 60 seconds left.
|inactive|Slowbroquaza has 30 seconds left.
|inactive|Slowbroquaza has 20 seconds left.
|inactive|Slowbroquaza has 15 seconds left.
|
|t:|1711945642
|start
|switch|p1a: Rotom|Rotom-Heat|100/100
|switch|p2a: Tentacruel|Tentacruel, M|100/100
|turn|1
|
|t:|1711945650
|move|p1a: Rotom|Volt Switch|p2a: Tentacruel
|-supereffective|p2a: Tentacruel
|-crit|p2a: Tentacruel
|-damage|p2a: Tentacruel|50/100
|
|t:|1711945655
|switch|p1a: Espeon|Espeon, M|100/100|[from] Volt Switch
|move|p2a: Tentacruel|Flip Turn|p1a: Espeon
|-damage|p1a: Espeon|72/100
|
|t:|1711945660
|switch|p2a: Overqwil|Overqwil, F|100/100|[from] Flip Turn
|-ability|p2a: Overqwil|Intimidate|boost
|-unboost|p1a: Espeon|atk|1
|
|upkeep
|turn|2
|inactive|Slowbroquaza has 90 seconds left.
|
|t:|1711945677
|switch|p1a: Swampert|Swampert, M|100/100
|move|p2a: Overqwil|Barb Barrage|p1a: Swampert
|-resisted|p1a: Swampert
|-damage|p1a: Swampert|92/100
|
|-heal|p1a: Swampert|98/100|[from] item: Leftovers
|upkeep
|turn|3
|inactive|Slowbroquaza has 90 seconds left.
|
|t:|1711945686
|switch|p2a: Tentacruel|Tentacruel, M|50/100
|move|p1a: Swampert|Stealth Rock|p2a: Tentacruel
|-sidestart|p2: PranksterCat|move: Stealth Rock
|
|-heal|p1a: Swampert|100/100|[from] item: Leftovers
|upkeep
|turn|4
|
|t:|1711945694
|move|p2a: Tentacruel|Giga Drain|p1a: Swampert
|-supereffective|p1a: Swampert
|-damage|p1a: Swampert|45/100
|-heal|p2a: Tentacruel|82/100|[from] drain|[of] p1a: Swampert
|move|p1a: Swampert|Earthquake|p2a: Tentacruel
|-supereffective|p2a: Tentacruel
|-damage|p2a: Tentacruel|0 fnt
|faint|p2a: Tentacruel
|
|-heal|p1a: Swampert|51/100|[from] item: Leftovers
|upkeep
|
|t:|1711945701
|switch|p2a: Arboliva|Arboliva, F|100/100
|-damage|p2a: Arboliva|88/100|[from] Stealth Rock
|turn|5
|
|t:|1711945708
|switch|p1a: Rotom|Rotom-Heat|100/100
|move|p2a: Arboliva|Tera Blast|p1a: Rotom
|-damage|p1a: Rotom|47/100
|
|-heal|p2a: Arboliva|94/100|[from] item: Leftovers
|upkeep
|turn|6
|
|t:|1711945715
|-terastallize|p2a: Arboliva|Fire
|move|p1a: Rotom|Overheat|p2a: Arboliva
|-resisted|p2a: Arboliva
|-damage|p2a: Arboliva|70/100
|-unboost|p1a: Rotom|spa|2
|-fieldstart|move: Grassy Terrain|[from] ability: Seed Sower|[of] p2a: Arboliva
|move|p2a: Arboliva|Tera Blast|p1a: Rotom|[anim] Tera Blast Fire
|-resisted|p1a: Rotom
|-damage|p1a: Rotom|19/100
|
|-heal|p2a: Arboliva|77/100|[from] Grassy Terrain
|-heal|p2a: Arboliva|83/100|[from] item: Leftovers
|upkeep
|turn|7
|inactive|Slowbroquaza has 120 seconds left.
|
|t:|1711945735
|switch|p1a: Emboar|Emboar, F|100/100
|move|p2a: Arboliva|Tera Blast|p1a: Emboar|[anim] Tera Blast Fire
|-resisted|p1a: Emboar
|-damage|p1a: Emboar|76/100
|
|-heal|p1a: Emboar|82/100|[from] Grassy Terrain
|-heal|p2a: Arboliva|89/100|[from] Grassy Terrain
|-heal|p2a: Arboliva|95/100|[from] item: Leftovers
|upkeep
|turn|8
|
|t:|1711945740
|move|p1a: Emboar|Close Combat|p2a: Arboliva
|-damage|p2a: Arboliva|3/100
|-unboost|p1a: Emboar|def|1
|-unboost|p1a: Emboar|spd|1
|-damage|p1a: Emboar|72/100|[from] item: Life Orb
|move|p2a: Arboliva|Strength Sap|p1a: Emboar
|-unboost|p1a: Emboar|atk|1
|-heal|p2a: Arboliva|100/100
|
|-heal|p1a: Emboar|78/100|[from] Grassy Terrain
|upkeep
|turn|9
|inactive|Slowbroquaza has 120 seconds left.
|
|t:|1711945753
|switch|p1a: Dragalge|Dragalge, M|100/100
|move|p2a: Arboliva|Earth Power|p1a: Dragalge
|-supereffective|p1a: Dragalge
|-damage|p1a: Dragalge|69/100
|
|-heal|p1a: Dragalge|75/100|[from] Grassy Terrain
|upkeep
|turn|10
|
|t:|1711945758
|move|p1a: Dragalge|Sludge Bomb|p2a: Arboliva
|-damage|p2a: Arboliva|61/100
|move|p2a: Arboliva|Earth Power|p1a: Dragalge
|-supereffective|p1a: Dragalge
|-damage|p1a: Dragalge|42/100
|
|-heal|p1a: Dragalge|48/100|[from] Grassy Terrain
|-heal|p2a: Arboliva|67/100|[from] Grassy Terrain
|-heal|p2a: Arboliva|73/100|[from] item: Leftovers
|-fieldend|move: Grassy Terrain
|upkeep
|turn|11
|
|t:|1711945764
|move|p1a: Dragalge|Sludge Bomb|p2a: Arboliva
|-damage|p2a: Arboliva|33/100
|-fieldstart|move: Grassy Terrain|[from] ability: Seed Sower|[of] p2a: Arboliva
|move|p2a: Arboliva|Strength Sap|p1a: Dragalge
|-unboost|p1a: Dragalge|atk|1
|-heal|p2a: Arboliva|79/100
|
|-heal|p1a: Dragalge|54/100|[from] Grassy Terrain
|-heal|p2a: Arboliva|85/100|[from] Grassy Terrain
|-heal|p2a: Arboliva|91/100|[from] item: Leftovers
|upkeep
|turn|12
|
|t:|1711945771
|move|p1a: Dragalge|Sludge Bomb|p2a: Arboliva
|-crit|p2a: Arboliva
|-damage|p2a: Arboliva|34/100
|move|p2a: Arboliva|Earth Power|p1a: Dragalge
|-supereffective|p1a: Dragalge
|-damage|p1a: Dragalge|23/100
|
|-heal|p1a: Dragalge|29/100|[from] Grassy Terrain
|-heal|p2a: Arboliva|40/100|[from] Grassy Terrain
|-heal|p2a: Arboliva|46/100|[from] item: Leftovers
|upkeep
|turn|13
|
|t:|1711945777
|move|p1a: Dragalge|Sludge Bomb|p2a: Arboliva
|-damage|p2a: Arboliva|2/100
|move|p2a: Arboliva|Earth Power|p1a: Dragalge
|-supereffective|p1a: Dragalge
|-damage|p1a: Dragalge|0 fnt
|faint|p1a: Dragalge
|
|-heal|p2a: Arboliva|9/100|[from] Grassy Terrain
|-heal|p2a: Arboliva|15/100|[from] item: Leftovers
|upkeep
|
|t:|1711945786
|switch|p1a: Rotom|Rotom-Heat|19/100
|turn|14
|
|t:|1711945791
|move|p1a: Rotom|Volt Switch|p2a: Arboliva
|-damage|p2a: Arboliva|0 fnt
|faint|p2a: Arboliva
|
|t:|1711945797
|switch|p1a: Swampert|Swampert, M|51/100|[from] Volt Switch
|
|-heal|p1a: Swampert|57/100|[from] Grassy Terrain
|-heal|p1a: Swampert|64/100|[from] item: Leftovers
|upkeep
|
|t:|1711945801
|switch|p2a: Overqwil|Overqwil, F|100/100
|-damage|p2a: Overqwil|88/100|[from] Stealth Rock
|-ability|p2a: Overqwil|Intimidate|boost
|-unboost|p1a: Swampert|atk|1
|turn|15
|
|t:|1711945822
|move|p2a: Overqwil|Barb Barrage|p1a: Swampert
|-resisted|p1a: Swampert
|-damage|p1a: Swampert|54/100
|move|p1a: Swampert|Knock Off|p2a: Overqwil
|-resisted|p2a: Overqwil
|-damage|p2a: Overqwil|80/100
|-enditem|p2a: Overqwil|Leftovers|[from] move: Knock Off|[of] p1a: Swampert
|
|-heal|p2a: Overqwil|86/100|[from] Grassy Terrain
|-heal|p1a: Swampert|60/100|[from] Grassy Terrain
|-heal|p1a: Swampert|66/100|[from] item: Leftovers
|-fieldend|move: Grassy Terrain
|upkeep
|turn|16
|
|t:|1711945828
|move|p2a: Overqwil|Spikes|p1a: Swampert
|-sidestart|p1: Slowbroquaza|Spikes
|move|p1a: Swampert|Earthquake|p2a: Overqwil
|-supereffective|p2a: Overqwil
|-damage|p2a: Overqwil|38/100
|
|-heal|p1a: Swampert|73/100|[from] item: Leftovers
|upkeep
|turn|17
|
|t:|1711945838
|move|p2a: Overqwil|Liquidation|p1a: Swampert
|-damage|p1a: Swampert|55/100
|move|p1a: Swampert|Knock Off|p2a: Overqwil
|-resisted|p2a: Overqwil
|-damage|p2a: Overqwil|32/100
|
|-heal|p1a: Swampert|61/100|[from] item: Leftovers
|upkeep
|turn|18
|
|t:|1711945842
|move|p2a: Overqwil|Barb Barrage|p1a: Swampert
|-resisted|p1a: Swampert
|-damage|p1a: Swampert|52/100
|-status|p1a: Swampert|psn
|move|p1a: Swampert|Earthquake|p2a: Overqwil
|-supereffective|p2a: Overqwil
|-damage|p2a: Overqwil|0 fnt
|faint|p2a: Overqwil
|
|-heal|p1a: Swampert|58/100 psn|[from] item: Leftovers
|-damage|p1a: Swampert|46/100 psn|[from] psn
|upkeep
|
|t:|1711945850
|switch|p2a: Tornadus|Tornadus, M|100/100
|-damage|p2a: Tornadus|76/100|[from] Stealth Rock
|turn|19
|
|t:|1711945856
|move|p2a: Tornadus|Bulk Up|p2a: Tornadus
|-boost|p2a: Tornadus|atk|1
|-boost|p2a: Tornadus|def|1
|move|p1a: Swampert|Knock Off|p2a: Tornadus
|-damage|p2a: Tornadus|54/100
|-enditem|p2a: Tornadus|Grassy Seed|[from] move: Knock Off|[of] p1a: Swampert
|
|-heal|p1a: Swampert|52/100 psn|[from] item: Leftovers
|-damage|p1a: Swampert|39/100 psn|[from] psn
|upkeep
|turn|20
|
|t:|1711945865
|move|p2a: Tornadus|Acrobatics|p1a: Swampert
|-damage|p1a: Swampert|0 fnt
|faint|p1a: Swampert
|
|upkeep
|
|t:|1711945873
|switch|p1a: Rotom|Rotom-Heat|19/100
|turn|21
|
|t:|1711945876
|move|p1a: Rotom|Volt Switch|p2a: Tornadus
|-supereffective|p2a: Tornadus
|-damage|p2a: Tornadus|0 fnt
|faint|p2a: Tornadus
|
|t:|1711945888
|switch|p1a: Tsareena|Tsareena, F|100/100|[from] Volt Switch
|
|upkeep
|
|t:|1711945891
|switch|p2a: Infernape|Infernape, M|100/100
|-damage|p2a: Infernape|88/100|[from] Stealth Rock
|turn|22
|
|t:|1711945896
|move|p2a: Infernape|Swords Dance|p2a: Infernape
|-boost|p2a: Infernape|atk|2
|move|p1a: Tsareena|Rapid Spin|p2a: Infernape
|-damage|p2a: Infernape|60/100
|-boost|p1a: Tsareena|spe|1
|-sideend|p1: Slowbroquaza|Spikes|[from] move: Rapid Spin|[of] p1a: Tsareena
|
|upkeep
|turn|23
|
|t:|1711945917
|move|p2a: Infernape|Fire Punch|p1a: Tsareena
|-supereffective|p1a: Tsareena
|-damage|p1a: Tsareena|0 fnt
|faint|p1a: Tsareena
|
|upkeep
|
|t:|1711945925
|switch|p1a: Rotom|Rotom-Heat|19/100
|turn|24
|
|t:|1711945931
|move|p2a: Infernape|Mach Punch|p1a: Rotom
|-damage|p1a: Rotom|0 fnt
|faint|p1a: Rotom
|
|upkeep
|
|t:|1711945936
|switch|p1a: Espeon|Espeon, M|72/100
|turn|25
|
|t:|1711945939
|move|p2a: Infernape|Mach Punch|p1a: Espeon
|-resisted|p1a: Espeon
|-damage|p1a: Espeon|26/100
|move|p1a: Espeon|Psychic|p2a: Infernape
|-supereffective|p2a: Infernape
|-damage|p2a: Infernape|0 fnt
|faint|p2a: Infernape
|
|upkeep
|
|t:|1711945942
|switch|p2a: Vikavolt|Vikavolt, F|100/100
|-damage|p2a: Vikavolt|76/100|[from] Stealth Rock
|turn|26
|
|t:|1711945946
|move|p1a: Espeon|Psychic|p2a: Vikavolt
|-damage|p2a: Vikavolt|0 fnt
|faint|p2a: Vikavolt
|
|win|Slowbroquaza
|raw|Slowbroquaza's rating: 1127 &rarr; <strong>1154</strong><br />(+27 for winning)
|raw|PranksterCat's rating: 1158 &rarr; <strong>1131</strong><br />(-27 for losing)
|l|☆PranksterCat
|player|p2|
|l|☆Slowbroquaza
|player|p1|
