|j|☆Unowey14
|j|☆bagonsteel
|t:|1711934569
|gametype|singles
|player|p1|Unowey14|2|1268
|player|p2|bagonsteel|red|1345
|teamsize|p1|6
|teamsize|p2|6
|gen|9
|tier|[Gen 9] LC
|rated|
|rule|Sleep Clause Mod: Limit one foe put to sleep
|rule|Species Clause: Limit one of each Pokémon
|rule|OHKO Clause: OHKO moves are banned
|rule|Evasion Items Clause: Evasion items are banned
|rule|Evasion Moves Clause: Evasion moves are banned
|rule|Endless Battle Clause: Forcing endless battles is banned
|rule|HP Percentage Mod: HP is shown in percentages
|clearpoke
|poke|p1|Voltorb-Hisui, L5|
|poke|p1|Foongus, L5, M|
|poke|p1|Glimmet, L5, F|
|poke|p1|Gastly, L5, M|
|poke|p1|Mudbray, L5, F|
|poke|p1|Mienfoo, L5, M|
|poke|p2|Grookey, L5, M|
|poke|p2|Stunky, L5, M|
|poke|p2|Vullaby, L5, F|
|poke|p2|Mienfoo, L5, F|
|poke|p2|Growlithe-Hisui, L5, F|
|poke|p2|Mudbray, L5, M|
|teampreview
|
|t:|1711934583
|start
|switch|p1a: Mienfoo|Mienfoo, L5, M, shiny|100/100
|switch|p2a: Mudbray|Mudbray, L5, M|100/100
|turn|1
|
|t:|1711934589
|move|p1a: Mienfoo|Knock Off|p2a: Mudbray
|-damage|p2a: Mudbray|71/100
|-ability|p2a: Mudbray|Stamina|boost
|-boost|p2a: Mudbray|def|1
|-enditem|p2a: Mudbray|Eviolite|[from] move: Knock Off|[of] p1a: Mienfoo
|move|p2a: Mudbray|High Horsepower|p1a: Mienfoo
|-damage|p1a: Mienfoo|43/100
|
|upkeep
|turn|2
|
|t:|1711934599
|move|p1a: Mienfoo|U-turn|p2a: Mudbray
|-damage|p2a: Mudbray|50/100
|-ability|p2a: Mudbray|Stamina|boost
|-boost|p2a: Mudbray|def|1
|
|t:|1711934604
|switch|p1a: Gastly|Gastly, L5, M, shiny|100/100|[from] U-turn
|move|p2a: Mudbray|Stealth Rock|p1a: Gastly
|-sidestart|p1: Unowey14|move: Stealth Rock
|
|upkeep
|turn|3
|
|t:|1711934612
|switch|p2a: Stunky|Stunky, L5, M, shiny|100/100
|move|p1a: Gastly|Sludge Wave|p2a: Stunky
|-resisted|p2a: Stunky
|-damage|p2a: Stunky|70/100
|
|upkeep
|turn|4
|
|t:|1711934623
|switch|p1a: Mudbray|Mudbray, L5, F|100/100
|-damage|p1a: Mudbray|96/100|[from] Stealth Rock
|move|p2a: Stunky|Knock Off|p1a: Mudbray
|-damage|p1a: Mudbray|59/100
|-ability|p1a: Mudbray|Stamina|boost
|-boost|p1a: Mudbray|def|1
|-enditem|p1a: Mudbray|Eviolite|[from] move: Knock Off|[of] p2a: Stunky
|
|upkeep
|turn|5
|
|t:|1711934632
|switch|p2a: Grookey|Grookey, L5, M|100/100
|-fieldstart|move: Grassy Terrain|[from] ability: Grassy Surge|[of] p2a: Grookey
|move|p1a: Mudbray|Heavy Slam|p2a: Grookey
|-damage|p2a: Grookey|53/100
|
|-heal|p2a: Grookey|58/100|[from] Grassy Terrain
|-heal|p1a: Mudbray|63/100|[from] Grassy Terrain
|upkeep
|turn|6
|
|t:|1711934643
|-terastallize|p1a: Mudbray|Steel
|move|p2a: Grookey|Knock Off|p1a: Mudbray
|-damage|p1a: Mudbray|46/100
|-ability|p1a: Mudbray|Stamina|boost
|-boost|p1a: Mudbray|def|1
|move|p1a: Mudbray|Heavy Slam|p2a: Grookey
|-damage|p2a: Grookey|0 fnt
|faint|p2a: Grookey
|
|-heal|p1a: Mudbray|50/100|[from] Grassy Terrain
|upkeep
|
|t:|1711934658
|switch|p2a: Growlithe|Growlithe-Hisui, L5, F|100/100
|turn|7
|
|t:|1711934676
|-terastallize|p2a: Growlithe|Fire
|move|p2a: Growlithe|Flare Blitz|p1a: Mudbray
|-supereffective|p1a: Mudbray
|-damage|p1a: Mudbray|0 fnt
|faint|p1a: Mudbray
|
|upkeep
|
|t:|1711934683
|switch|p1a: Glimmet|Glimmet, L5, F|100/100
|-damage|p1a: Glimmet|92/100|[from] Stealth Rock
|turn|8
|
|t:|1711934687
|switch|p2a: Mudbray|Mudbray, L5, M|50/100
|move|p1a: Glimmet|Power Gem|p2a: Mudbray
|-resisted|p2a: Mudbray
|-damage|p2a: Mudbray|25/100
|-ability|p2a: Mudbray|Stamina|boost
|-boost|p2a: Mudbray|def|1
|
|-heal|p1a: Glimmet|96/100|[from] Grassy Terrain
|-heal|p2a: Mudbray|30/100|[from] Grassy Terrain
|upkeep
|turn|9
|
|t:|1711934698
|move|p1a: Glimmet|Sludge Wave|p2a: Mudbray
|-resisted|p2a: Mudbray
|-damage|p2a: Mudbray|5/100
|-ability|p2a: Mudbray|Stamina|boost
|-boost|p2a: Mudbray|def|1
|move|p2a: Mudbray|High Horsepower|p1a: Glimmet
|-supereffective|p1a: Glimmet
|-damage|p1a: Glimmet|0 fnt
|-activate|p1a: Glimmet|ability: Toxic Debris
|-sidestart|p2: bagonsteel|move: Toxic Spikes
|faint|p1a: Glimmet
|
|-heal|p2a: Mudbray|9/100|[from] Grassy Terrain
|-fieldend|move: Grassy Terrain
|upkeep
|
|t:|1711934713
|switch|p1a: Mienfoo|Mienfoo, L5, M, shiny|77/100
|-damage|p1a: Mienfoo|72/100|[from] Stealth Rock
|turn|10
|
|t:|1711934718
|move|p1a: Mienfoo|High Jump Kick|p2a: Mudbray
|-damage|p2a: Mudbray|0 fnt
|faint|p2a: Mudbray
|
|upkeep
|
|t:|1711934723
|switch|p2a: Vullaby|Vullaby, L5, F|100/100
|turn|11
|
|t:|1711934727
|move|p1a: Mienfoo|U-turn|p2a: Vullaby
|-damage|p2a: Vullaby|83/100
|-ability|p2a: Vullaby|Weak Armor|boost
|-unboost|p2a: Vullaby|def|1
|-boost|p2a: Vullaby|spe|2
|
|t:|1711934732
|switch|p1a: Voltorb|Voltorb-Hisui, L5, shiny|100/100|[from] U-turn
|-damage|p1a: Voltorb|91/100|[from] Stealth Rock
|move|p2a: Vullaby|Brave Bird|p1a: Voltorb
|-damage|p1a: Voltorb|29/100
|-damage|p2a: Vullaby|66/100|[from] Recoil
|
|upkeep
|turn|12
|
|t:|1711934742
|move|p2a: Vullaby|Brave Bird|p1a: Voltorb
|-crit|p1a: Voltorb
|-damage|p1a: Voltorb|0 fnt
|faint|p1a: Voltorb
|-damage|p2a: Vullaby|57/100|[from] Recoil
|
|upkeep
|-message|Unowey14 forfeited.
|
|win|bagonsteel
|raw|Unowey14's rating: 1268 &rarr; <strong>1248</strong><br />(-20 for losing)
|raw|bagonsteel's rating: 1345 &rarr; <strong>1361</strong><br />(+16 for winning)
|l|☆Unowey14
|player|p1|
|l|☆bagonsteel
|player|p2|
