|j|☆qawillo
|j|☆ztnoob
|inactive|Battle timer is ON: inactive players will automatically lose when time's up.
|t:|1711937111
|gametype|singles
|player|p1|qawillo|colress|
|player|p2|ztnoob|steven|
|teamsize|p1|6
|teamsize|p2|6
|gen|9
|tier|[Gen 9] LC
|rated|Tournament battle
|rule|Sleep Clause Mod: Limit one foe put to sleep
|rule|Species Clause: Limit one of each Pokémon
|rule|OHKO Clause: OHKO moves are banned
|rule|Evasion Items Clause: Evasion items are banned
|rule|Evasion Moves Clause: Evasion moves are banned
|rule|Endless Battle Clause: Forcing endless battles is banned
|rule|HP Percentage Mod: HP is shown in percentages
|rule|Inverse Mod: Weaknesses become resistances, while resistances and immunities become weaknesses.
|clearpoke
|poke|p1|Glimmet, L5, F|
|poke|p1|Larvesta, L5, F|
|poke|p1|Magnemite, L5|
|poke|p1|Shroodle, L5, M|
|poke|p1|Wooper, L5, M|
|poke|p1|Froakie, L5, M|
|poke|p2|Litwick, L5, M|
|poke|p2|Doduo, L5, F|
|poke|p2|Meowth, L5, M|
|poke|p2|Bulbasaur, L5, F|
|poke|p2|Totodile, L5, M|
|poke|p2|Torchic, L5, F|
|teampreview
|inactive|qawillo also wants the timer to be on.
|c|☆ztnoob|Glhf
|j| Carnetric
|
|t:|1711937121
|start
|switch|p1a: Froakie|Froakie, L5, M|100/100
|switch|p2a: Litwick|Litwick, L5, M|100/100
|turn|1
|inactive|ztnoob has 120 seconds left.
|
|t:|1711937154
|move|p1a: Froakie|U-turn|p2a: Litwick
|-start|p1a: Froakie|typechange|Bug|[from] ability: Protean
|-supereffective|p2a: Litwick
|-damage|p2a: Litwick|0 fnt
|faint|p2a: Litwick
|l|☆ztnoob
|inactive|ztnoob disconnected and has a minute to reconnect!
|player|p2|
|
|t:|1711937160
|switch|p1a: Wooper|Wooper, L5, M|100/100|[from] U-turn
|
|upkeep
|j|☆ztnoob
|inactive|ztnoob reconnected and has 110 seconds left.
|player|p2|ztnoob|steven
|
|t:|1711937195
|switch|p2a: Meowth|Meowth, L5, M|100/100
|turn|2
|inactive|ztnoob has 90 seconds left.
|
|t:|1711937222
|move|p2a: Meowth|Fake Out|p1a: Wooper
|-damage|p1a: Wooper|76/100
|cant|p1a: Wooper|flinch
|
|upkeep
|turn|3
|inactive|ztnoob has 90 seconds left.
|
|t:|1711937233
|move|p2a: Meowth|Aerial Ace|p1a: Wooper
|-damage|p1a: Wooper|57/100
|move|p1a: Wooper|Stealth Rock|p2a: Meowth
|-sidestart|p2: ztnoob|move: Stealth Rock
|
|upkeep
|turn|4
|
|t:|1711937242
|move|p2a: Meowth|Foul Play|p1a: Wooper
|-damage|p1a: Wooper|44/100
|move|p1a: Wooper|Counter|p2a: Meowth
|-damage|p2a: Meowth|70/100
|
|upkeep
|turn|5
|
|t:|1711937252
|move|p2a: Meowth|Aerial Ace|p1a: Wooper
|-damage|p1a: Wooper|20/100
|move|p1a: Wooper|Spikes|p2a: Meowth
|-sidestart|p2: ztnoob|Spikes
|
|upkeep
|turn|6
|
|t:|1711937267
|move|p2a: Meowth|Aerial Ace|p1a: Wooper
|-damage|p1a: Wooper|0 fnt
|faint|p1a: Wooper
|
|upkeep
|
|t:|1711937277
|switch|p1a: Shroodle|Shroodle, L5, M|100/100
|turn|7
|
|t:|1711937281
|move|p1a: Shroodle|Parting Shot|p2a: Meowth
|-unboost|p2a: Meowth|atk|1
|-unboost|p2a: Meowth|spa|1
|
|t:|1711937283
|switch|p1a: Larvesta|Larvesta, L5, F|100/100|[from] Parting Shot
|move|p2a: Meowth|Trailblaze|p1a: Larvesta
|-supereffective|p1a: Larvesta
|-damage|p1a: Larvesta|14/100
|-boost|p2a: Meowth|spe|1
|
|upkeep
|turn|8
|
|t:|1711937289
|move|p2a: Meowth|Trailblaze|p1a: Larvesta
|-supereffective|p1a: Larvesta
|-damage|p1a: Larvesta|0 fnt
|-boost|p2a: Meowth|spe|1
|faint|p1a: Larvesta
|
|upkeep
|
|t:|1711937293
|switch|p1a: Shroodle|Shroodle, L5, M|100/100
|turn|9
|
|t:|1711937297
|move|p1a: Shroodle|Parting Shot|p2a: Meowth
|-unboost|p2a: Meowth|atk|1
|-unboost|p2a: Meowth|spa|1
|-message|qawillo forfeited.
|
|win|ztnoob
|n|☆qawillo|qawillo
|n| Carnetric|carnetric
|n|☆ztnoob|ztnoob
