|j|☆Mailiam
|j|☆willamane
|t:|1711946892
|gametype|singles
|player|p1|Mailiam|az|1522
|player|p2|willamane|acetrainercouple|1487
|teamsize|p1|6
|teamsize|p2|6
|gen|9
|tier|[Gen 9] OU
|rated|
|rule|Species Clause: Limit one of each Pokémon
|rule|OHKO Clause: OHKO moves are banned
|rule|Evasion Items Clause: Evasion items are banned
|rule|Evasion Moves Clause: Evasion moves are banned
|rule|Endless Battle Clause: Forcing endless battles is banned
|rule|HP Percentage Mod: HP is shown in percentages
|rule|Sleep Moves Clause: Sleep-inducing moves are banned
|clearpoke
|poke|p1|Garchomp, M|
|poke|p1|Darkrai|
|poke|p1|Enamorus, F|
|poke|p1|Clodsire, F|
|poke|p1|Corviknight, M|
|poke|p1|Cinderace, M|
|poke|p2|Pincurchin, M|
|poke|p2|Iron Hands|
|poke|p2|Iron Leaves|
|poke|p2|Iron Treads|
|poke|p2|Iron Valiant|
|poke|p2|Walking Wake|
|teampreview
|inactive|Battle timer is ON: inactive players will automatically lose when time's up. (requested by Mailiam)
|
|t:|1711946923
|start
|switch|p1a: Darkrai|Darkrai|100/100
|switch|p2a: thwonkadonk|Walking Wake|100/100
|-enditem|p2a: thwonkadonk|Booster Energy
|-activate|p2a: thwonkadonk|ability: Protosynthesis|[fromitem]
|-start|p2a: thwonkadonk|protosynthesisspa
|turn|1
|
|t:|1711946932
|-terastallize|p1a: Darkrai|Dark
|move|p1a: Darkrai|Dark Pulse|p2a: thwonkadonk
|-damage|p2a: thwonkadonk|0 fnt
|faint|p2a: thwonkadonk
|-end|p2a: thwonkadonk|Protosynthesis|[silent]
|
|upkeep
|
|t:|1711946950
|switch|p2a: chungamunga|Iron Valiant|100/100
|turn|2
|
|t:|1711946957
|switch|p1a: Clodsire|Clodsire, F|100/100
|move|p2a: chungamunga|Calm Mind|p2a: chungamunga
|-boost|p2a: chungamunga|spa|1
|-boost|p2a: chungamunga|spd|1
|
|upkeep
|turn|3
|
|t:|1711946969
|-end|p2a: chungamunga|Quark Drive|[silent]
|switch|p2a: hubba wubba|Iron Treads|100/100
|move|p1a: Clodsire|Poison Jab|p2a: hubba wubba
|-immune|p2a: hubba wubba
|
|upkeep
|turn|4
|
|t:|1711946976
|switch|p1a: Corviknight|Corviknight, M|100/100
|-ability|p1a: Corviknight|Pressure
|move|p2a: hubba wubba|Supercell Slam|p1a: Corviknight
|-supereffective|p1a: Corviknight
|-damage|p1a: Corviknight|42/100
|-damage|p2a: hubba wubba|84/100|[from] item: Rocky Helmet|[of] p1a: Corviknight
|
|upkeep
|turn|5
|
|t:|1711946984
|switch|p1a: Garchomp|Garchomp, M|100/100
|move|p2a: hubba wubba|Supercell Slam|p1a: Garchomp
|-immune|p1a: Garchomp
|-damage|p2a: hubba wubba|34/100|[from] supercellslam
|
|upkeep
|turn|6
|
|t:|1711946995
|-end|p2a: hubba wubba|Quark Drive|[silent]
|switch|p2a: googly oogly|Iron Leaves|100/100
|switch|p1a: Cinderace|Cinderace, M|100/100
|
|upkeep
|turn|7
|
|t:|1711947020
|-end|p2a: googly oogly|Quark Drive|[silent]
|switch|p2a: pokywoky|Pincurchin, M|100/100
|-fieldstart|move: Electric Terrain|[from] ability: Electric Surge|[of] p2a: pokywoky
|move|p1a: Cinderace|U-turn|p2a: pokywoky
|-start|p1a: Cinderace|typechange|Bug|[from] ability: Libero
|-damage|p2a: pokywoky|57/100
|
|t:|1711947024
|switch|p1a: Darkrai|Darkrai, tera:Dark|100/100|[from] U-turn
|
|upkeep
|turn|8
|
|t:|1711947045
|move|p1a: Darkrai|Dark Pulse|p2a: pokywoky
|-damage|p2a: pokywoky|0 fnt
|faint|p2a: pokywoky
|
|upkeep
|
|t:|1711947050
|switch|p2a: chungamunga|Iron Valiant|100/100
|-activate|p2a: chungamunga|ability: Quark Drive
|-start|p2a: chungamunga|quarkdrivespe
|turn|9
|
|t:|1711947056
|switch|p1a: Clodsire|Clodsire, F|100/100
|move|p2a: chungamunga|Shadow Ball|p1a: Clodsire
|-damage|p1a: Clodsire|82/100
|-damage|p2a: chungamunga|91/100|[from] item: Life Orb
|
|-heal|p1a: Clodsire|88/100|[from] item: Leftovers
|upkeep
|turn|10
|
|t:|1711947066
|move|p2a: chungamunga|Shadow Ball|p1a: Clodsire
|-damage|p1a: Clodsire|70/100
|-unboost|p1a: Clodsire|spd|1
|-damage|p2a: chungamunga|81/100|[from] item: Life Orb
|move|p1a: Clodsire|Earthquake|p2a: chungamunga
|-damage|p2a: chungamunga|46/100
|
|-heal|p1a: Clodsire|77/100|[from] item: Leftovers
|upkeep
|turn|11
|inactive|willamane has 120 seconds left.
|
|t:|1711947099
|move|p2a: chungamunga|Shadow Ball|p1a: Clodsire
|-damage|p1a: Clodsire|47/100
|-damage|p2a: chungamunga|36/100|[from] item: Life Orb
|move|p1a: Clodsire|Poison Jab|p2a: chungamunga
|-supereffective|p2a: chungamunga
|-damage|p2a: chungamunga|0 fnt
|faint|p2a: chungamunga
|-end|p2a: chungamunga|Quark Drive|[silent]
|
|-heal|p1a: Clodsire|53/100|[from] item: Leftovers
|upkeep
|inactive|willamane has 120 seconds left.
|
|t:|1711947111
|switch|p2a: googly oogly|Iron Leaves|100/100
|-activate|p2a: googly oogly|ability: Quark Drive
|-start|p2a: googly oogly|quarkdriveatk
|turn|12
|
|t:|1711947118
|move|p2a: googly oogly|Psyblade|p1a: Clodsire
|-supereffective|p1a: Clodsire
|-damage|p1a: Clodsire|0 fnt
|faint|p1a: Clodsire
|
|upkeep
|
|t:|1711947121
|switch|p1a: Cinderace|Cinderace, M|100/100
|turn|13
|inactive|willamane has 120 seconds left.
|
|t:|1711947147
|move|p1a: Cinderace|U-turn|p2a: googly oogly
|-start|p1a: Cinderace|typechange|Bug|[from] ability: Libero
|-supereffective|p2a: googly oogly
|-damage|p2a: googly oogly|0 fnt
|-damage|p1a: Cinderace|84/100|[from] item: Rocky Helmet|[of] p2a: googly oogly
|faint|p2a: googly oogly
|-end|p2a: googly oogly|Quark Drive|[silent]
|
|t:|1711947153
|switch|p1a: Corviknight|Corviknight, M|42/100|[from] U-turn
|-ability|p1a: Corviknight|Pressure
|
|upkeep
|-message|willamane forfeited.
|
|win|Mailiam
|raw|Mailiam's rating: 1522 &rarr; <strong>1540</strong><br />(+18 for winning)
|raw|willamane's rating: 1487 &rarr; <strong>1469</strong><br />(-18 for losing)
|l|☆willamane
|player|p2|
|l|☆Mailiam
|player|p1|
