{"id":"gen5randombattle-2093371858","format":"[Gen 5] Random Battle","players":["tutuisbae","Skullmonkey"],"log":"|j|\u2606tutuisbae\n|j|\u2606Skullmonkey\n|t:|1711946254\n|gametype|singles\n|player|p1|tutuisbae|266|1332\n|player|p2|Skullmonkey|li|1091\n|teamsize|p1|6\n|teamsize|p2|6\n|gen|5\n|tier|[Gen 5] Random Battle\n|rated|\n|rule|Sleep Clause Mod: Limit one foe put to sleep\n|rule|HP Percentage Mod: HP is shown in percentages\n|rule|Illusion Level Mod: Illusion disguises the Pok\u00e9mon's true level\n|\n|t:|1711946254\n|start\n|switch|p1a: Jellicent|Jellicent, L82, M|298\/298\n|switch|p2a: Durant|Durant, L79, M|221\/221\n|turn|1\n|inactive|Battle timer is ON: inactive players will automatically lose when time's up. (requested by tutuisbae)\n|\n|t:|1711946281\n|switch|p2a: Dragonair|Dragonair, L88, F|251\/251\n|switch|p1a: Honchkrow|Honchkrow, L82, M|298\/298\n|\n|upkeep\n|turn|2\n|\n|t:|1711946291\n|switch|p1a: Ferrothorn|Ferrothorn, L75, F|235\/235\n|move|p2a: Dragonair|Dragon Dance|p2a: Dragonair\n|-boost|p2a: Dragonair|atk|1\n|-boost|p2a: Dragonair|spe|1\n|\n|upkeep\n|turn|3\n|\n|t:|1711946301\n|switch|p2a: Durant|Durant, L79, M|221\/221\n|move|p1a: Ferrothorn|Stealth Rock|p2a: Durant\n|-sidestart|p2: Skullmonkey|move: Stealth Rock\n|\n|upkeep\n|turn|4\n|\n|t:|1711946314\n|move|p2a: Durant|Superpower|p1a: Ferrothorn\n|-supereffective|p1a: Ferrothorn\n|-damage|p1a: Ferrothorn|0 fnt\n|-unboost|p2a: Durant|atk|1\n|-unboost|p2a: Durant|def|1\n|-damage|p2a: Durant|194\/221|[from] ability: Iron Barbs|[of] p1a: Ferrothorn\n|faint|p1a: Ferrothorn\n|\n|upkeep\n|\n|t:|1711946326\n|switch|p1a: Jellicent|Jellicent, L82, M|298\/298\n|turn|5\n|\n|t:|1711946334\n|switch|p2a: Dragonair|Dragonair, L88, F|251\/251\n|-damage|p2a: Dragonair|220\/251|[from] Stealth Rock\n|move|p1a: Jellicent|Toxic|p2a: Dragonair\n|-status|p2a: Dragonair|tox\n|\n|-damage|p2a: Dragonair|205\/251 tox|[from] psn\n|upkeep\n|turn|6\n|\n|t:|1711946344\n|move|p2a: Dragonair|Dragon Dance|p2a: Dragonair\n|-boost|p2a: Dragonair|atk|1\n|-boost|p2a: Dragonair|spe|1\n|move|p1a: Jellicent|Scald|p2a: Dragonair\n|-resisted|p2a: Dragonair\n|-damage|p2a: Dragonair|177\/251 tox\n|\n|-damage|p2a: Dragonair|147\/251 tox|[from] psn\n|upkeep\n|turn|7\n|\n|t:|1711946351\n|move|p2a: Dragonair|Dragon Dance|p2a: Dragonair\n|-boost|p2a: Dragonair|atk|1\n|-boost|p2a: Dragonair|spe|1\n|move|p1a: Jellicent|Shadow Ball|p2a: Dragonair\n|-damage|p2a: Dragonair|93\/251 tox\n|\n|-damage|p2a: Dragonair|48\/251 tox|[from] psn\n|upkeep\n|turn|8\n|\n|t:|1711946362\n|move|p2a: Dragonair|Rest|p2a: Dragonair\n|-status|p2a: Dragonair|slp|[from] move: Rest\n|-heal|p2a: Dragonair|251\/251 slp|[silent]\n|move|p1a: Jellicent|Recover||[still]\n|-fail|p1a: Jellicent|heal\n|\n|upkeep\n|turn|9\n|\n|t:|1711946370\n|switch|p1a: Articuno|Articuno, L84|271\/271\n|-ability|p1a: Articuno|Pressure\n|cant|p2a: Dragonair|slp\n|move|p2a: Dragonair|Sleep Talk|p2a: Dragonair\n|move|p2a: Dragonair|Dragon Dance|p2a: Dragonair|[from]move: Sleep Talk\n|-boost|p2a: Dragonair|atk|1\n|-boost|p2a: Dragonair|spe|1\n|\n|upkeep\n|turn|10\n|\n|t:|1711946380\n|cant|p2a: Dragonair|slp\n|move|p2a: Dragonair|Sleep Talk|p2a: Dragonair\n|move|p2a: Dragonair|Rest||[from]move: Sleep Talk|[still]\n|-fail|p2a: Dragonair\n|move|p1a: Articuno|Ice Beam|p2a: Dragonair\n|-supereffective|p2a: Dragonair\n|-damage|p2a: Dragonair|95\/251 slp\n|\n|upkeep\n|turn|11\n|\n|t:|1711946389\n|-curestatus|p2a: Dragonair|slp|[msg]\n|move|p2a: Dragonair|Outrage|p1a: Articuno\n|-damage|p1a: Articuno|0 fnt\n|faint|p1a: Articuno\n|\n|upkeep\n|\n|t:|1711946413\n|switch|p1a: Absol|Absol, L87, M|255\/255\n|turn|12\n|\n|t:|1711946429\n|move|p1a: Absol|Sucker Punch|p2a: Dragonair\n|-damage|p2a: Dragonair|0 fnt\n|faint|p2a: Dragonair\n|-damage|p1a: Absol|230\/255|[from] item: Life Orb\n|\n|upkeep\n|\n|t:|1711946435\n|switch|p2a: Durant|Durant, L79, M|194\/221\n|-damage|p2a: Durant|167\/221|[from] Stealth Rock\n|turn|13\n|\n|t:|1711946442\n|move|p2a: Durant|X-Scissor|p1a: Absol\n|-supereffective|p1a: Absol\n|-damage|p1a: Absol|0 fnt\n|faint|p1a: Absol\n|\n|upkeep\n|\n|t:|1711946446\n|switch|p1a: Honchkrow|Honchkrow, L82, M|298\/298\n|turn|14\n|\n|t:|1711946450\n|switch|p2a: Steelix|Steelix, L84, F|263\/263\n|-damage|p2a: Steelix|255\/263|[from] Stealth Rock\n|move|p1a: Honchkrow|Brave Bird|p2a: Steelix\n|-resisted|p2a: Steelix\n|-damage|p2a: Steelix|211\/263\n|-damage|p1a: Honchkrow|283\/298|[from] Recoil\n|-damage|p1a: Honchkrow|254\/298|[from] item: Life Orb\n|\n|-heal|p2a: Steelix|227\/263|[from] item: Leftovers\n|upkeep\n|turn|15\n|-message|tutuisbae forfeited.\n|\n|win|Skullmonkey\n|raw|tutuisbae's rating: 1332 &rarr; <strong>1300<\/strong><br \/>(-32 for losing)\n|raw|Skullmonkey's rating: 1091 &rarr; <strong>1133<\/strong><br \/>(+42 for winning)\n|l|\u2606tutuisbae\n|player|p1|\n","inputlog":">version 6cdde67ed88b47ab6b8ae5717517ae7b5d1ef27b\n>start {\"formatid\":\"gen5randombattle\",\"seed\":[18813,60005,22228,23021],\"rated\":\"Rated battle\"}\n>player p1 {\"name\":\"tutuisbae\",\"avatar\":\"266\",\"rating\":1332,\"seed\":[40512,25245,22141,42151]}\n>player p2 {\"name\":\"Skullmonkey\",\"avatar\":\"li\",\"rating\":1091,\"seed\":[1427,55980,8672,39809]}\n>p1 switch 6\n>p2 switch 3\n>p1 switch 3\n>p2 move dragondance\n>p1 move stealthrock\n>p2 switch 3\n>p1 move spikes\n>p2 move superpower\n>p1 switch 6\n>p1 move toxic\n>p2 switch 3\n>p1 move scald\n>p2 move dragondance\n>p1 move shadowball\n>p2 move dragondance\n>p1 move recover\n>p2 move rest\n>p1 switch 2\n>p2 move sleeptalk\n>p1 move icebeam\n>p2 move sleeptalk\n>p1 move icebeam\n>p2 move outrage\n>p1 switch 4\n>p1 move suckerpunch\n>p2 move outrage\n>p2 switch 3\n>p1 move swordsdance\n>p2 move xscissor\n>p1 switch 3\n>p1 move bravebird\n>p2 switch 4\n>forcelose p1","uploadtime":1711946463,"views":0,"formatid":"gen5randombattle","rating":1133,"private":0,"password":null}