{"id":"gen7randombattle-2093335928","format":"[Gen 7] Random Battle","players":["CajunSpice38","Thatoneguy09"],"log":"|j|\u2606CajunSpice38\n|j|\u2606Thatoneguy09\n|t:|1711940929\n|gametype|singles\n|player|p1|CajunSpice38|170|1385\n|player|p2|Thatoneguy09|harlequin|1374\n|teamsize|p1|6\n|teamsize|p2|6\n|gen|7\n|tier|[Gen 7] Random Battle\n|rated|\n|rule|Sleep Clause Mod: Limit one foe put to sleep\n|rule|HP Percentage Mod: HP is shown in percentages\n|rule|Illusion Level Mod: Illusion disguises the Pok\u00e9mon's true level\n|\n|t:|1711940929\n|start\n|switch|p1a: Volcarona|Volcarona, L76, F|253\/253\n|switch|p2a: Slurpuff|Slurpuff, L79, F|258\/258\n|turn|1\n|\n|t:|1711940960\n|-zpower|p1a: Volcarona\n|move|p1a: Volcarona|Inferno Overdrive|p2a: Slurpuff|[zeffect]\n|-damage|p2a: Slurpuff|20\/258\n|-enditem|p2a: Slurpuff|Sitrus Berry|[eat]\n|-heal|p2a: Slurpuff|84\/258|[from] item: Sitrus Berry\n|move|p2a: Slurpuff|Belly Drum||[still]\n|-fail|p2a: Slurpuff\n|\n|upkeep\n|turn|2\n|\n|t:|1711940978\n|move|p2a: Slurpuff|Return|p1a: Volcarona\n|-damage|p1a: Volcarona|179\/253\n|move|p1a: Volcarona|Quiver Dance|p1a: Volcarona\n|-boost|p1a: Volcarona|spa|1\n|-boost|p1a: Volcarona|spd|1\n|-boost|p1a: Volcarona|spe|1\n|\n|upkeep\n|turn|3\n|\n|t:|1711940992\n|switch|p2a: Mismagius|Mismagius, L86, M|243\/243\n|move|p1a: Volcarona|Quiver Dance|p1a: Volcarona\n|-boost|p1a: Volcarona|spa|1\n|-boost|p1a: Volcarona|spd|1\n|-boost|p1a: Volcarona|spe|1\n|\n|upkeep\n|turn|4\n|\n|t:|1711940998\n|move|p1a: Volcarona|Fire Blast|p2a: Mismagius\n|-damage|p2a: Mismagius|12\/243\n|move|p2a: Mismagius|Trick||[still]\n|-fail|p2a: Mismagius\n|\n|upkeep\n|turn|5\n|c|\u2606Thatoneguy09|tf you mean IT FAILED\n|\n|t:|1711941022\n|switch|p2a: Purugly|Purugly, L88, M|268\/268\n|move|p1a: Volcarona|Bug Buzz|p2a: Purugly\n|-damage|p2a: Purugly|27\/268\n|\n|upkeep\n|turn|6\n|n|!Thatoneguy09|thatoneguy09\n|-message|Thatoneguy09 forfeited.\n|\n|win|CajunSpice38\n","inputlog":">version 6cdde67ed88b47ab6b8ae5717517ae7b5d1ef27b\n>start {\"formatid\":\"gen7randombattle\",\"seed\":[21033,4472,55759,51953],\"rated\":\"Rated battle\"}\n>player p1 {\"name\":\"CajunSpice38\",\"avatar\":\"170\",\"rating\":1385,\"seed\":[58318,55484,39908,43458]}\n>player p2 {\"name\":\"Thatoneguy09\",\"avatar\":\"harlequin\",\"rating\":1374,\"seed\":[34125,59477,7812,53323]}\n>p1 move fireblast zmove\n>p2 move bellydrum\n>p1 move quiverdance\n>p2 move return\n>p1 move quiverdance\n>p2 switch 3\n>p1 move fireblast\n>p2 move trick\n>chat \u2606Thatoneguy09|tf you mean IT FAILED\n>p1 move bugbuzz\n>p2 switch 5\n>chat \u2606Thatoneguy09|go fuck yourself\n>forcelose p2","uploadtime":1711941030,"views":0,"formatid":"gen7randombattle","rating":null,"private":0,"password":null}