|j|☆MeRrkava
|j|☆digger11
|t:|1711944016
|gametype|singles
|player|p1|MeRrkava|cynthia|1108
|player|p2|digger11|n|1067
|teamsize|p1|6
|teamsize|p2|6
|gen|7
|tier|[Gen 7] Random Battle
|rated|
|rule|Sleep Clause Mod: Limit one foe put to sleep
|rule|HP Percentage Mod: HP is shown in percentages
|rule|Illusion Level Mod: Illusion disguises the Pokémon's true level
|
|t:|1711944016
|start
|switch|p1a: Venomoth|Venomoth, L82, F|249/249
|switch|p2a: Palossand|Palossand, L89, F|296/296
|turn|1
|
|t:|1711944050
|switch|p1a: Torterra|Torterra, L88, F|310/310
|switch|p2a: Mightyena|Mightyena, L94, F|284/284
|
|upkeep
|turn|2
|
|t:|1711944067
|move|p2a: Mightyena|Crunch|p1a: Torterra
|-damage|p1a: Torterra|189/310
|move|p1a: Torterra|Rock Polish|p1a: Torterra
|-boost|p1a: Torterra|spe|2
|
|-heal|p1a: Torterra|208/310|[from] item: Leftovers
|upkeep
|turn|3
|
|t:|1711944079
|move|p1a: Torterra|Earthquake|p2a: Mightyena
|-damage|p2a: Mightyena|146/284
|move|p2a: Mightyena|Crunch|p1a: Torterra
|-damage|p1a: Torterra|85/310
|
|-heal|p1a: Torterra|104/310|[from] item: Leftovers
|upkeep
|turn|4
|
|t:|1711944088
|move|p1a: Torterra|Wood Hammer|p2a: Mightyena
|-damage|p2a: Mightyena|0 fnt
|faint|p2a: Mightyena
|-damage|p1a: Torterra|56/310|[from] Recoil
|
|-heal|p1a: Torterra|75/310|[from] item: Leftovers
|upkeep
|
|t:|1711944118
|switch|p2a: Pheromosa|Pheromosa, L76|233/233
|turn|5
|
|t:|1711944127
|move|p1a: Torterra|Stone Edge|p2a: Pheromosa
|-damage|p2a: Pheromosa|69/233
|move|p2a: Pheromosa|Ice Beam|p1a: Torterra
|-supereffective|p1a: Torterra
|-damage|p1a: Torterra|0 fnt
|faint|p1a: Torterra
|-ability|p2a: Pheromosa|Beast Boost|boost
|-boost|p2a: Pheromosa|spe|1
|
|upkeep
|
|t:|1711944144
|switch|p1a: Scolipede|Scolipede, L82, M|233/233
|turn|6
|
|t:|1711944169
|switch|p2a: Alakazam|Alakazam, L79, F|216/216
|move|p1a: Scolipede|Swords Dance|p1a: Scolipede
|-boost|p1a: Scolipede|atk|2
|
|-ability|p1a: Scolipede|Speed Boost|boost
|-boost|p1a: Scolipede|spe|1
|upkeep
|turn|7
|
|t:|1711944192
|detailschange|p2a: Alakazam|Alakazam-Mega, L79, F
|-mega|p2a: Alakazam|Alakazam|Alakazite
|-ability|p2a: Alakazam|Speed Boost|[from] ability: Trace|[of] p1a: Scolipede
|move|p1a: Scolipede|Megahorn|p2a: Alakazam
|-supereffective|p2a: Alakazam
|-damage|p2a: Alakazam|0 fnt
|faint|p2a: Alakazam
|-damage|p1a: Scolipede|210/233|[from] item: Life Orb
|
|-ability|p1a: Scolipede|Speed Boost|boost
|-boost|p1a: Scolipede|spe|1
|upkeep
|
|t:|1711944205
|switch|p2a: Mawile|Mawile, L89, F|234/234
|turn|8
|-message|digger11 forfeited.
|
|win|MeRrkava
|raw|MeRrkava's rating: 1108 &rarr; <strong>1130</strong><br />(+22 for winning)
|raw|digger11's rating: 1067 &rarr; <strong>1049</strong><br />(-18 for losing)
|l|☆digger11
|player|p2|
