{"id":"gen7randombattle-2093344057","format":"[Gen 7] Random Battle","players":["Rein_Entei","Mimiakyu"],"log":"|j|\u2606Rein_Entei\n|j|\u2606Mimiakyu\n|t:|1711942022\n|gametype|singles\n|player|p1|Rein_Entei|dancer|1381\n|player|p2|Mimiakyu|acerola-masters|1557\n|teamsize|p1|6\n|teamsize|p2|6\n|gen|7\n|tier|[Gen 7] Random Battle\n|rated|\n|rule|Sleep Clause Mod: Limit one foe put to sleep\n|rule|HP Percentage Mod: HP is shown in percentages\n|rule|Illusion Level Mod: Illusion disguises the Pok\u00e9mon's true level\n|\n|t:|1711942022\n|start\n|switch|p1a: Stoutland|Stoutland, L87, M|290\/290\n|switch|p2a: Lycanroc|Lycanroc-Midnight, L86, M|286\/286\n|-ability|p1a: Stoutland|Intimidate|boost\n|-unboost|p2a: Lycanroc|atk|1\n|turn|1\n|inactive|Battle timer is ON: inactive players will automatically lose when time's up. (requested by Mimiakyu)\n|\n|t:|1711942039\n|switch|p2a: Tapu Fini|Tapu Fini, L80, shiny|243\/243\n|-fieldstart|move: Misty Terrain|[from] ability: Misty Surge|[of] p2a: Tapu Fini\n|move|p1a: Stoutland|Superpower|p2a: Tapu Fini\n|-resisted|p2a: Tapu Fini\n|-damage|p2a: Tapu Fini|204\/243\n|-unboost|p1a: Stoutland|atk|1\n|-unboost|p1a: Stoutland|def|1\n|\n|-heal|p2a: Tapu Fini|219\/243|[from] item: Leftovers\n|upkeep\n|turn|2\n|c|\u2606Rein_Entei|oh shit is that a shiny\n|c|\u2606Mimiakyu|wow yea\n|inactive|Mimiakyu has 120 seconds left.\n|\n|t:|1711942074\n|switch|p1a: Victreebel|Victreebel, L90, F|290\/290\n|move|p2a: Tapu Fini|Calm Mind|p2a: Tapu Fini\n|-boost|p2a: Tapu Fini|spa|1\n|-boost|p2a: Tapu Fini|spd|1\n|\n|-heal|p2a: Tapu Fini|234\/243|[from] item: Leftovers\n|upkeep\n|turn|3\n|inactive|Mimiakyu has 120 seconds left.\n|\n|t:|1711942086\n|switch|p2a: Seviper|Seviper, L91, M|281\/281\n|move|p1a: Victreebel|Sunny Day|p1a: Victreebel\n|-weather|SunnyDay\n|\n|-weather|SunnyDay|[upkeep]\n|upkeep\n|turn|4\n|inactive|Mimiakyu has 120 seconds left.\n|\n|t:|1711942101\n|move|p1a: Victreebel|Weather Ball|p2a: Seviper\n|-damage|p2a: Seviper|65\/281\n|-damage|p1a: Victreebel|261\/290|[from] item: Life Orb\n|move|p2a: Seviper|Poison Jab|p1a: Victreebel\n|-damage|p1a: Victreebel|108\/290\n|-damage|p2a: Seviper|37\/281|[from] item: Life Orb\n|\n|-weather|SunnyDay|[upkeep]\n|upkeep\n|turn|5\n|inactive|Mimiakyu has 120 seconds left.\n|\n|t:|1711942106\n|move|p2a: Seviper|Sucker Punch|p1a: Victreebel\n|-damage|p1a: Victreebel|24\/290\n|-damage|p2a: Seviper|9\/281|[from] item: Life Orb\n|move|p1a: Victreebel|Weather Ball|p2a: Seviper\n|-crit|p2a: Seviper\n|-damage|p2a: Seviper|0 fnt\n|faint|p2a: Seviper\n|-damage|p1a: Victreebel|0 fnt|[from] item: Life Orb\n|faint|p1a: Victreebel\n|\n|-weather|SunnyDay|[upkeep]\n|-fieldend|Misty Terrain\n|upkeep\n|\n|t:|1711942114\n|switch|p1a: Flareon|Flareon, L88, F|258\/258\n|switch|p2a: Castform|Castform, L99, M|299\/299\n|-formechange|p2a: Castform|Castform-Sunny|[msg]|[from] ability: Forecast\n|turn|6\n|\n|t:|1711942119\n|move|p2a: Castform|Thunder Wave|p1a: Flareon\n|-status|p1a: Flareon|par\n|cant|p1a: Flareon|par\n|\n|-weather|SunnyDay|[upkeep]\n|upkeep\n|turn|7\n|\n|t:|1711942129\n|move|p2a: Castform|Return|p1a: Flareon\n|-damage|p1a: Flareon|168\/258 par\n|move|p1a: Flareon|Flame Charge|p2a: Castform\n|-resisted|p2a: Castform\n|-damage|p2a: Castform|209\/299\n|-boost|p1a: Flareon|spe|1\n|\n|-weather|none\n|-formechange|p2a: Castform|Castform|[msg]|[from] ability: Forecast\n|-heal|p2a: Castform|227\/299|[from] item: Leftovers\n|upkeep\n|turn|8\n|\n|t:|1711942139\n|move|p2a: Castform|Return|p1a: Flareon\n|-damage|p1a: Flareon|15\/258 par\n|cant|p1a: Flareon|par\n|\n|-heal|p2a: Castform|245\/299|[from] item: Leftovers\n|upkeep\n|turn|9\n|\n|t:|1711942145\n|move|p2a: Castform|Return|p1a: Flareon\n|-damage|p1a: Flareon|0 fnt\n|faint|p1a: Flareon\n|\n|-heal|p2a: Castform|263\/299|[from] item: Leftovers\n|upkeep\n|\n|t:|1711942155\n|switch|p1a: Clawitzer|Clawitzer, L87, M|265\/265\n|turn|10\n|\n|t:|1711942172\n|switch|p2a: Tapu Fini|Tapu Fini, L80, shiny|234\/243\n|-fieldstart|move: Misty Terrain|[from] ability: Misty Surge|[of] p2a: Tapu Fini\n|move|p1a: Clawitzer|Aura Sphere|p2a: Tapu Fini\n|-resisted|p2a: Tapu Fini\n|-damage|p2a: Tapu Fini|176\/243\n|\n|-heal|p2a: Tapu Fini|191\/243|[from] item: Leftovers\n|upkeep\n|turn|11\n|\n|t:|1711942185\n|switch|p1a: Cradily|Cradily, L88, F|295\/295\n|move|p2a: Tapu Fini|Moonblast|p1a: Cradily\n|-damage|p1a: Cradily|214\/295\n|\n|-heal|p2a: Tapu Fini|206\/243|[from] item: Leftovers\n|-heal|p1a: Cradily|232\/295|[from] item: Leftovers\n|upkeep\n|turn|12\n|\n|t:|1711942196\n|switch|p2a: Castform|Castform, L99, M|263\/299\n|move|p1a: Cradily|Toxic|p2a: Castform\n|-activate|p2a: Castform|move: Misty Terrain\n|\n|-heal|p2a: Castform|281\/299|[from] item: Leftovers\n|-heal|p1a: Cradily|250\/295|[from] item: Leftovers\n|upkeep\n|turn|13\n|\n|t:|1711942216\n|switch|p1a: Stoutland|Stoutland, L87, M|290\/290\n|-ability|p1a: Stoutland|Intimidate|boost\n|-unboost|p2a: Castform|atk|1\n|move|p2a: Castform|Ice Beam|p1a: Stoutland\n|-damage|p1a: Stoutland|229\/290\n|\n|-heal|p2a: Castform|299\/299|[from] item: Leftovers\n|upkeep\n|turn|14\n|\n|t:|1711942221\n|switch|p2a: Tapu Fini|Tapu Fini, L80, shiny|206\/243\n|move|p1a: Stoutland|Wild Charge|p2a: Tapu Fini\n|-supereffective|p2a: Tapu Fini\n|-damage|p2a: Tapu Fini|74\/243\n|-damage|p1a: Stoutland|196\/290|[from] Recoil\n|\n|-heal|p2a: Tapu Fini|89\/243|[from] item: Leftovers\n|-fieldend|Misty Terrain\n|upkeep\n|turn|15\n|\n|t:|1711942231\n|switch|p2a: Lycanroc|Lycanroc-Midnight, L86, M|286\/286\n|move|p1a: Stoutland|Wild Charge|p2a: Lycanroc\n|-damage|p2a: Lycanroc|207\/286\n|-damage|p1a: Stoutland|176\/290|[from] Recoil\n|\n|upkeep\n|turn|16\n|\n|t:|1711942246\n|switch|p1a: Cradily|Cradily, L88, F|250\/295\n|move|p2a: Lycanroc|Swords Dance|p2a: Lycanroc\n|-boost|p2a: Lycanroc|atk|2\n|\n|-heal|p1a: Cradily|268\/295|[from] item: Leftovers\n|upkeep\n|turn|17\n|\n|t:|1711942254\n|-zpower|p2a: Lycanroc\n|move|p2a: Lycanroc|Splintered Stormshards|p1a: Cradily|[zeffect]\n|-damage|p1a: Cradily|0 fnt\n|faint|p1a: Cradily\n|\n|upkeep\n|\n|t:|1711942256\n|switch|p1a: Stoutland|Stoutland, L87, M|176\/290\n|-ability|p1a: Stoutland|Intimidate|boost\n|-unboost|p2a: Lycanroc|atk|1\n|turn|18\n|\n|t:|1711942260\n|switch|p2a: Tapu Fini|Tapu Fini, L80, shiny|89\/243\n|-fieldstart|move: Misty Terrain|[from] ability: Misty Surge|[of] p2a: Tapu Fini\n|move|p1a: Stoutland|Superpower|p2a: Tapu Fini\n|-resisted|p2a: Tapu Fini\n|-damage|p2a: Tapu Fini|49\/243\n|-unboost|p1a: Stoutland|atk|1\n|-unboost|p1a: Stoutland|def|1\n|\n|-heal|p2a: Tapu Fini|64\/243|[from] item: Leftovers\n|upkeep\n|turn|19\n|\n|t:|1711942265\n|switch|p1a: Clawitzer|Clawitzer, L87, M|265\/265\n|move|p2a: Tapu Fini|Moonblast|p1a: Clawitzer\n|-damage|p1a: Clawitzer|172\/265\n|\n|-heal|p2a: Tapu Fini|79\/243|[from] item: Leftovers\n|upkeep\n|turn|20\n|\n|t:|1711942276\n|switch|p2a: Castform|Castform, L99, M|299\/299\n|move|p1a: Clawitzer|U-turn|p2a: Castform\n|-damage|p2a: Castform|260\/299\n|\n|t:|1711942283\n|switch|p1a: Stoutland|Stoutland, L87, M|176\/290|[from] U-turn\n|-ability|p1a: Stoutland|Intimidate|boost\n|-unboost|p2a: Castform|atk|1\n|\n|-heal|p2a: Castform|278\/299|[from] item: Leftovers\n|upkeep\n|turn|21\n|\n|t:|1711942291\n|move|p1a: Stoutland|Wild Charge|p2a: Castform\n|-damage|p2a: Castform|207\/299\n|-damage|p1a: Stoutland|158\/290|[from] Recoil\n|move|p2a: Castform|Return|p1a: Stoutland\n|-damage|p1a: Stoutland|83\/290\n|\n|-heal|p2a: Castform|225\/299|[from] item: Leftovers\n|upkeep\n|turn|22\n|\n|t:|1711942297\n|switch|p1a: Clawitzer|Clawitzer, L87, M|172\/265\n|move|p2a: Castform|Return|p1a: Clawitzer\n|-damage|p1a: Clawitzer|94\/265\n|\n|-heal|p2a: Castform|243\/299|[from] item: Leftovers\n|-fieldend|Misty Terrain\n|upkeep\n|turn|23\n|\n|t:|1711942306\n|move|p2a: Castform|Return|p1a: Clawitzer\n|-damage|p1a: Clawitzer|24\/265\n|move|p1a: Clawitzer|U-turn|p2a: Castform\n|-damage|p2a: Castform|203\/299\n|\n|t:|1711942309\n|switch|p1a: Stoutland|Stoutland, L87, M|83\/290|[from] U-turn\n|-ability|p1a: Stoutland|Intimidate|boost\n|-unboost|p2a: Castform|atk|1\n|\n|-heal|p2a: Castform|221\/299|[from] item: Leftovers\n|upkeep\n|turn|24\n|\n|t:|1711942311\n|switch|p2a: Tapu Fini|Tapu Fini, L80, shiny|79\/243\n|-fieldstart|move: Misty Terrain|[from] ability: Misty Surge|[of] p2a: Tapu Fini\n|move|p1a: Stoutland|Superpower|p2a: Tapu Fini\n|-resisted|p2a: Tapu Fini\n|-damage|p2a: Tapu Fini|39\/243\n|-unboost|p1a: Stoutland|atk|1\n|-unboost|p1a: Stoutland|def|1\n|\n|-heal|p2a: Tapu Fini|54\/243|[from] item: Leftovers\n|upkeep\n|turn|25\n|\n|t:|1711942330\n|switch|p1a: Thundurus|Thundurus, L82, M|264\/264\n|move|p2a: Tapu Fini|Moonblast|p1a: Thundurus\n|-damage|p1a: Thundurus|168\/264\n|\n|-heal|p2a: Tapu Fini|69\/243|[from] item: Leftovers\n|upkeep\n|turn|26\n|\n|t:|1711942347\n|move|p1a: Thundurus|Thunderbolt|p2a: Tapu Fini\n|-supereffective|p2a: Tapu Fini\n|-damage|p2a: Tapu Fini|0 fnt\n|faint|p2a: Tapu Fini\n|-damage|p1a: Thundurus|142\/264|[from] item: Life Orb\n|\n|upkeep\n|\n|t:|1711942350\n|switch|p2a: Lycanroc|Lycanroc-Midnight, L86, M|207\/286\n|turn|27\n|\n|t:|1711942362\n|switch|p1a: Stoutland|Stoutland, L87, M|83\/290\n|-ability|p1a: Stoutland|Intimidate|boost\n|-unboost|p2a: Lycanroc|atk|1\n|move|p2a: Lycanroc|Stone Edge|p1a: Stoutland\n|-damage|p1a: Stoutland|8\/290\n|\n|upkeep\n|turn|28\n|\n|t:|1711942373\n|move|p2a: Lycanroc|Sucker Punch|p1a: Stoutland\n|-damage|p1a: Stoutland|0 fnt\n|faint|p1a: Stoutland\n|\n|-fieldend|Misty Terrain\n|upkeep\n|-message|Rein_Entei forfeited.\n|\n|win|Mimiakyu\n|raw|Rein_Entei's rating: 1381 &rarr; <strong>1370<\/strong><br \/>(-11 for losing)\n|raw|Mimiakyu's rating: 1557 &rarr; <strong>1568<\/strong><br \/>(+11 for winning)\n|l|\u2606Rein_Entei\n|player|p1|\n","inputlog":">version 6cdde67ed88b47ab6b8ae5717517ae7b5d1ef27b\n>start {\"formatid\":\"gen7randombattle\",\"seed\":[23927,41944,58722,12911],\"rated\":\"Rated battle\"}\n>player p1 {\"name\":\"Rein_Entei\",\"avatar\":\"dancer\",\"rating\":1381,\"seed\":[62954,7465,2279,12288]}\n>player p2 {\"name\":\"Mimiakyu\",\"avatar\":\"acerola-masters\",\"rating\":1557,\"seed\":[51481,28956,12549,55185]}\n>p1 move superpower\n>p2 switch 5\n>chat \u2606Rein_Entei|oh shit is that a shiny\n>chat \u2606Mimiakyu|wow yea\n>p1 switch 3\n>p2 move calmmind\n>p1 move sunnyday\n>p2 switch 3\n>p1 move weatherball\n>p2 move poisonjab\n>p1 move weatherball\n>p2 move suckerpunch\n>p1 switch 2\n>p2 switch 4\n>p1 move flamecharge\n>p2 move thunderwave\n>p1 move flamecharge\n>p2 move return\n>p1 move flamecharge\n>p2 move return\n>p1 move flamecharge\n>p2 move return\n>p1 switch 4\n>p1 move aurasphere\n>p2 switch 3\n>p1 switch 6\n>p2 move moonblast\n>p1 move toxic\n>p2 switch 3\n>p1 switch 3\n>p2 move icebeam\n>p1 move wildcharge\n>p2 switch 3\n>p1 move wildcharge\n>p2 switch 5\n>p1 switch 3\n>p2 move swordsdance\n>p1 move gigadrain\n>p2 move stoneedge zmove\n>p1 switch 3\n>p1 move superpower\n>p2 switch 5\n>p1 switch 6\n>p2 move moonblast\n>p1 move uturn\n>p2 switch 3\n>p1 switch 6\n>p1 move wildcharge\n>p2 move return\n>p1 switch 6\n>p2 move return\n>p1 move uturn\n>p2 move return\n>p1 switch 6\n>p1 move superpower\n>p2 switch 3\n>p1 switch 5\n>p2 move moonblast\n>p1 move thunderbolt\n>p2 move moonblast\n>p2 switch 5\n>p1 switch 5\n>p2 move stoneedge\n>p1 move superpower\n>p2 move suckerpunch\n>forcelose p1","uploadtime":1711942396,"views":1,"formatid":"gen7randombattle","rating":1370,"private":0,"password":null}