{"id":"gen7ou-2093359039","format":"[Gen 7] OU","players":["khgfdghjklkjhgf","kxlo"],"log":"|j|\u203dkhgfdghjklkjhgf\n|j|\u2606kxlo\n|t:|1711944193\n|gametype|singles\n|player|p1|khgfdghjklkjhgf|aromalady|1093\n|player|p2|kxlo|burglar|1047\n|teamsize|p1|6\n|teamsize|p2|6\n|gen|7\n|tier|[Gen 7] OU\n|rated|\n|rule|Sleep Clause Mod: Limit one foe put to sleep\n|rule|Species Clause: Limit one of each Pok\u00e9mon\n|rule|OHKO Clause: OHKO moves are banned\n|rule|Moody Clause: Moody is banned\n|rule|Evasion Items Clause: Evasion items are banned\n|rule|Evasion Moves Clause: Evasion moves are banned\n|rule|Endless Battle Clause: Forcing endless battles is banned\n|rule|HP Percentage Mod: HP is shown in percentages\n|clearpoke\n|poke|p1|Toxapex, M|item\n|poke|p1|Tapu Lele|item\n|poke|p1|Gliscor, M|item\n|poke|p1|Tornadus-Therian, M|item\n|poke|p1|Hoopa-Unbound|item\n|poke|p1|Magearna|item\n|poke|p2|Hawlucha, M|item\n|poke|p2|Kommo-o, M|item\n|poke|p2|Lycanroc-Dusk, M|item\n|poke|p2|Charizard, F|item\n|poke|p2|Ferrothorn, F|item\n|poke|p2|Greninja-*, M|item\n|teampreview\n|inactive|Battle timer is ON: inactive players will automatically lose when time's up. (requested by kxlo)\n|inactive|kxlo has 120 seconds left.\n|\n|t:|1711944226\n|start\n|switch|p1a: Toxapex|Toxapex, M|100\/100\n|switch|p2a: Hawlucha|Hawlucha, M|100\/100\n|turn|1\n|\n|t:|1711944232\n|move|p2a: Hawlucha|Swords Dance|p2a: Hawlucha\n|-boost|p2a: Hawlucha|atk|2\n|move|p1a: Toxapex|Scald|p2a: Hawlucha\n|-damage|p2a: Hawlucha|72\/100\n|\n|upkeep\n|turn|2\n|\n|t:|1711944235\n|move|p2a: Hawlucha|Sky Attack||[still]\n|-prepare|p2a: Hawlucha|Sky Attack\n|-enditem|p2a: Hawlucha|Power Herb\n|-anim|p2a: Hawlucha|Sky Attack|p1a: Toxapex\n|-damage|p1a: Toxapex|15\/100\n|move|p1a: Toxapex|Haze|p1a: Toxapex\n|-clearallboost\n|\n|-heal|p1a: Toxapex|22\/100|[from] item: Black Sludge\n|upkeep\n|turn|3\n|inactive|kxlo has 120 seconds left.\n|\n|t:|1711944268\n|switch|p1a: Tapu Lele|Tapu Lele|100\/100\n|-fieldstart|move: Psychic Terrain|[from] ability: Psychic Surge|[of] p1a: Tapu Lele\n|move|p2a: Hawlucha|Acrobatics|p1a: Tapu Lele\n|-damage|p1a: Tapu Lele|19\/100\n|\n|upkeep\n|turn|4\n|\n|t:|1711944289\n|move|p2a: Hawlucha|Acrobatics|p1a: Tapu Lele\n|-damage|p1a: Tapu Lele|0 fnt\n|faint|p1a: Tapu Lele\n|\n|upkeep\n|\n|t:|1711944294\n|switch|p1a: Magearna|Magearna|100\/100\n|turn|5\n|inactive|kxlo has 120 seconds left.\n|\n|t:|1711944330\n|move|p2a: Hawlucha|Acrobatics|p1a: Magearna\n|-resisted|p1a: Magearna\n|-damage|p1a: Magearna|81\/100\n|move|p1a: Magearna|Fleur Cannon|p2a: Hawlucha\n|-supereffective|p2a: Hawlucha\n|-damage|p2a: Hawlucha|0 fnt\n|-unboost|p1a: Magearna|spa|2\n|faint|p2a: Hawlucha\n|-ability|p1a: Magearna|Soul-Heart|boost\n|-boost|p1a: Magearna|spa|1\n|\n|upkeep\n|inactive|kxlo has 90 seconds left.\n|\n|t:|1711944352\n|switch|p2a: Ned|Charizard, F|100\/100\n|turn|6\n|\n|t:|1711944357\n|move|p2a: Ned|Flamethrower|p1a: Magearna\n|-supereffective|p1a: Magearna\n|-damage|p1a: Magearna|42\/100\n|move|p1a: Magearna|Volt Switch|p2a: Ned\n|-supereffective|p2a: Ned\n|-damage|p2a: Ned|68\/100\n|\n|t:|1711944360\n|switch|p1a: Toxapex|Toxapex, M|55\/100|[from] Volt Switch\n|\n|-heal|p1a: Toxapex|61\/100|[from] item: Black Sludge\n|upkeep\n|turn|7\n|\n|t:|1711944374\n|move|p2a: Ned|Protect|p2a: Ned\n|-singleturn|p2a: Ned|Protect\n|move|p1a: Toxapex|Recover|p1a: Toxapex\n|-heal|p1a: Toxapex|100\/100\n|\n|-fieldend|move: Psychic Terrain\n|upkeep\n|turn|8\n|\n|t:|1711944380\n|move|p2a: Ned|Protect|p2a: Ned\n|-singleturn|p2a: Ned|Protect\n|move|p1a: Toxapex|Toxic Spikes|p2a: Ned\n|-sidestart|p2: kxlo|move: Toxic Spikes\n|\n|upkeep\n|turn|9\n|\n|t:|1711944389\n|move|p2a: Ned|Dragon Dance|p2a: Ned\n|-boost|p2a: Ned|atk|1\n|-boost|p2a: Ned|spe|1\n|move|p1a: Toxapex|Scald|p2a: Ned\n|-supereffective|p2a: Ned\n|-damage|p2a: Ned|25\/100\n|\n|upkeep\n|turn|10\n|inactive|kxlo has 120 seconds left.\n|\n|t:|1711944400\n|detailschange|p2a: Ned|Charizard-Mega-Y, F\n|-mega|p2a: Ned|Charizard|Charizardite Y\n|-weather|SunnyDay|[from] ability: Drought|[of] p2a: Ned\n|move|p2a: Ned|Solar Beam||[still]\n|-prepare|p2a: Ned|Solar Beam\n|-anim|p2a: Ned|Solar Beam|p1a: Toxapex\n|-damage|p1a: Toxapex|56\/100\n|move|p1a: Toxapex|Scald|p2a: Ned\n|-supereffective|p2a: Ned\n|-damage|p2a: Ned|7\/100\n|\n|-weather|SunnyDay|[upkeep]\n|-heal|p1a: Toxapex|63\/100|[from] item: Black Sludge\n|upkeep\n|turn|11\n|\n|t:|1711944407\n|move|p2a: Ned|Solar Beam||[still]\n|-prepare|p2a: Ned|Solar Beam\n|-anim|p2a: Ned|Solar Beam|p1a: Toxapex\n|-damage|p1a: Toxapex|17\/100\n|move|p1a: Toxapex|Recover|p1a: Toxapex\n|-heal|p1a: Toxapex|67\/100\n|\n|-weather|SunnyDay|[upkeep]\n|-heal|p1a: Toxapex|73\/100|[from] item: Black Sludge\n|upkeep\n|turn|12\n|\n|t:|1711944420\n|move|p2a: Ned|Solar Beam||[still]\n|-prepare|p2a: Ned|Solar Beam\n|-anim|p2a: Ned|Solar Beam|p1a: Toxapex\n|-damage|p1a: Toxapex|29\/100\n|move|p1a: Toxapex|Recover|p1a: Toxapex\n|-heal|p1a: Toxapex|79\/100\n|\n|-weather|SunnyDay|[upkeep]\n|-heal|p1a: Toxapex|86\/100|[from] item: Black Sludge\n|upkeep\n|turn|13\n|\n|t:|1711944424\n|move|p2a: Ned|Solar Beam||[still]\n|-prepare|p2a: Ned|Solar Beam\n|-anim|p2a: Ned|Solar Beam|p1a: Toxapex\n|-damage|p1a: Toxapex|42\/100\n|move|p1a: Toxapex|Recover|p1a: Toxapex\n|-heal|p1a: Toxapex|92\/100\n|\n|-weather|SunnyDay|[upkeep]\n|-heal|p1a: Toxapex|99\/100|[from] item: Black Sludge\n|upkeep\n|turn|14\n|\n|t:|1711944427\n|move|p2a: Ned|Solar Beam||[still]\n|-prepare|p2a: Ned|Solar Beam\n|-anim|p2a: Ned|Solar Beam|p1a: Toxapex\n|-damage|p1a: Toxapex|60\/100\n|move|p1a: Toxapex|Recover|p1a: Toxapex\n|-heal|p1a: Toxapex|100\/100\n|\n|-weather|none\n|upkeep\n|turn|15\n|\n|t:|1711944431\n|move|p2a: Ned|Solar Beam||[still]\n|-prepare|p2a: Ned|Solar Beam\n|move|p1a: Toxapex|Scald|p2a: Ned\n|-supereffective|p2a: Ned\n|-damage|p2a: Ned|0 fnt\n|faint|p2a: Ned\n|\n|upkeep\n|\n|t:|1711944442\n|switch|p2a: KKomi|Kommo-o, M|100\/100\n|-status|p2a: KKomi|psn\n|turn|16\n|\n|t:|1711944453\n|-zpower|p2a: KKomi\n|move|p2a: KKomi|Clangorous Soulblaze|p1a: Toxapex|[zeffect]\n|-damage|p1a: Toxapex|48\/100\n|-boost|p2a: KKomi|atk|1\n|-boost|p2a: KKomi|def|1\n|-boost|p2a: KKomi|spa|1\n|-boost|p2a: KKomi|spd|1\n|-boost|p2a: KKomi|spe|1\n|move|p1a: Toxapex|Haze|p1a: Toxapex\n|-clearallboost\n|\n|-heal|p1a: Toxapex|54\/100|[from] item: Black Sludge\n|-damage|p2a: KKomi|88\/100 psn|[from] psn\n|upkeep\n|turn|17\n|\n|t:|1711944464\n|switch|p1a: Gliscor|Gliscor, M|100\/100\n|move|p2a: KKomi|Earthquake|p1a: Gliscor\n|-immune|p1a: Gliscor\n|\n|-damage|p2a: KKomi|76\/100 psn|[from] psn\n|-status|p1a: Gliscor|tox|[from] item: Toxic Orb\n|upkeep\n|turn|18\n|\n|t:|1711944480\n|move|p2a: KKomi|Clanging Scales|p1a: Gliscor\n|-damage|p1a: Gliscor|63\/100 tox\n|-unboost|p2a: KKomi|def|1\n|move|p1a: Gliscor|Stealth Rock|p2a: KKomi\n|-sidestart|p2: kxlo|move: Stealth Rock\n|\n|-damage|p2a: KKomi|63\/100 psn|[from] psn\n|-heal|p1a: Gliscor|75\/100 tox|[from] ability: Poison Heal\n|upkeep\n|turn|19\n|\n|t:|1711944493\n|move|p2a: KKomi|Clanging Scales|p1a: Gliscor\n|-crit|p1a: Gliscor\n|-damage|p1a: Gliscor|17\/100 tox\n|-unboost|p2a: KKomi|def|1\n|move|p1a: Gliscor|Earthquake|p2a: KKomi\n|-damage|p2a: KKomi|2\/100 psn\n|\n|-damage|p2a: KKomi|0 fnt|[from] psn\n|faint|p2a: KKomi\n|-heal|p1a: Gliscor|30\/100 tox|[from] ability: Poison Heal\n|upkeep\n|j| gyattmaster6969\n|\n|t:|1711944497\n|switch|p2a: SmashBro|Greninja, M|100\/100\n|-status|p2a: SmashBro|psn\n|-damage|p2a: SmashBro|88\/100 psn|[from] Stealth Rock\n|turn|20\n|l| gyattmaster6969\n|\n|t:|1711944509\n|switch|p1a: Toxapex|Toxapex, M|87\/100\n|move|p2a: SmashBro|Ice Beam|p1a: Toxapex\n|-resisted|p1a: Toxapex\n|-damage|p1a: Toxapex|76\/100\n|\n|-heal|p2a: SmashBro|94\/100 psn|[from] item: Leftovers\n|-heal|p1a: Toxapex|83\/100|[from] item: Black Sludge\n|-damage|p2a: SmashBro|82\/100 psn|[from] psn\n|upkeep\n|turn|21\n|\n|t:|1711944511\n|switch|p1a: Magearna|Magearna|42\/100\n|move|p2a: SmashBro|Extrasensory|p1a: Magearna\n|-resisted|p1a: Magearna\n|-damage|p1a: Magearna|37\/100\n|\n|-heal|p2a: SmashBro|88\/100 psn|[from] item: Leftovers\n|-damage|p2a: SmashBro|76\/100 psn|[from] psn\n|upkeep\n|turn|22\n|\n|t:|1711944515\n|move|p2a: SmashBro|Surf|p1a: Magearna\n|-damage|p1a: Magearna|19\/100\n|move|p1a: Magearna|Volt Switch|p2a: SmashBro\n|-supereffective|p2a: SmashBro\n|-damage|p2a: SmashBro|9\/100 psn\n|inactive|khgfdghjklkjhgf has 120 seconds left.\n|\n|t:|1711944547\n|switch|p1a: Toxapex|Toxapex, M|100\/100|[from] Volt Switch\n|\n|-heal|p2a: SmashBro|15\/100 psn|[from] item: Leftovers\n|-damage|p2a: SmashBro|3\/100 psn|[from] psn\n|upkeep\n|turn|23\n|\n|t:|1711944555\n|switch|p1a: Tornadus|Tornadus-Therian, M|100\/100\n|move|p2a: SmashBro|Extrasensory|p1a: Tornadus\n|-damage|p1a: Tornadus|76\/100\n|\n|-heal|p2a: SmashBro|9\/100 psn|[from] item: Leftovers\n|-damage|p2a: SmashBro|0 fnt|[from] psn\n|faint|p2a: SmashBro\n|upkeep\n|\n|t:|1711944563\n|switch|p2a: Luca|Lycanroc-Dusk, M, shiny|100\/100\n|-status|p2a: Luca|psn\n|-damage|p2a: Luca|88\/100 psn|[from] Stealth Rock\n|turn|24\n|\n|t:|1711944573\n|move|p2a: Luca|Accelerock|p1a: Tornadus\n|-supereffective|p1a: Tornadus\n|-damage|p1a: Tornadus|24\/100\n|-damage|p2a: Luca|72\/100 psn|[from] item: Rocky Helmet|[of] p1a: Tornadus\n|move|p1a: Tornadus|U-turn|p2a: Luca\n|-damage|p2a: Luca|49\/100 psn\n|-damage|p1a: Tornadus|8\/100|[from] item: Rocky Helmet|[of] p2a: Luca\n|\n|t:|1711944577\n|switch|p1a: Gliscor|Gliscor, M|30\/100 tox|[from] U-turn\n|\n|-damage|p2a: Luca|37\/100 psn|[from] psn\n|-heal|p1a: Gliscor|42\/100 tox|[from] ability: Poison Heal\n|upkeep\n|turn|25\n|\n|t:|1711944586\n|move|p2a: Luca|Crunch|p1a: Gliscor\n|-damage|p1a: Gliscor|16\/100 tox\n|-unboost|p1a: Gliscor|def|1\n|move|p1a: Gliscor|Roost|p1a: Gliscor\n|-heal|p1a: Gliscor|66\/100 tox\n|-singleturn|p1a: Gliscor|move: Roost\n|\n|-damage|p2a: Luca|24\/100 psn|[from] psn\n|-heal|p1a: Gliscor|78\/100 tox|[from] ability: Poison Heal\n|upkeep\n|turn|26\n|\n|t:|1711944598\n|move|p2a: Luca|Crunch|p1a: Gliscor\n|-damage|p1a: Gliscor|37\/100 tox\n|-unboost|p1a: Gliscor|def|1\n|move|p1a: Gliscor|Earthquake|p2a: Luca\n|-supereffective|p2a: Luca\n|-damage|p2a: Luca|0 fnt\n|faint|p2a: Luca\n|\n|-heal|p1a: Gliscor|50\/100 tox|[from] ability: Poison Heal\n|upkeep\n|n|!kxlo|kxlo\n|\n|t:|1711944609\n|switch|p2a: Thorny|Ferrothorn, F|100\/100\n|-damage|p2a: Thorny|94\/100|[from] Stealth Rock\n|turn|27\n|\n|t:|1711944631\n|move|p1a: Gliscor|Earthquake|p2a: Thorny\n|-damage|p2a: Thorny|71\/100\n|move|p2a: Thorny|Gyro Ball|p1a: Gliscor\n|-damage|p1a: Gliscor|0 fnt\n|faint|p1a: Gliscor\n|\n|upkeep\n|\n|t:|1711944633\n|switch|p1a: Hoopa|Hoopa-Unbound|100\/100\n|turn|28\n|\n|t:|1711944642\n|move|p1a: Hoopa|Dark Pulse|p2a: Thorny\n|-damage|p2a: Thorny|25\/100\n|cant|p2a: Thorny|flinch\n|\n|upkeep\n|turn|29\n|\n|t:|1711944646\n|-zpower|p1a: Hoopa\n|move|p1a: Hoopa|Shattered Psyche|p2a: Thorny|[zeffect]\n|-resisted|p2a: Thorny\n|-damage|p2a: Thorny|0 fnt\n|faint|p2a: Thorny\n|\n|win|khgfdghjklkjhgf\n","uploadtime":1711944606,"views":0,"formatid":"gen7ou","rating":null,"private":0,"password":null}