{"id":"gen9ru-2093321171","format":"[Gen 9] RU","players":["Pacharaka","IsaiahxKillua"],"log":"|j|\u2606Pacharaka\n|j|\u2606IsaiahxKillua\n|t:|1711939031\n|gametype|singles\n|player|p1|Pacharaka|alder|1014\n|player|p2|IsaiahxKillua|170|1056\n|teamsize|p1|6\n|teamsize|p2|6\n|gen|9\n|tier|[Gen 9] RU\n|rated|\n|rule|Species Clause: Limit one of each Pok\u00e9mon\n|rule|OHKO Clause: OHKO moves are banned\n|rule|Evasion Items Clause: Evasion items are banned\n|rule|Evasion Moves Clause: Evasion moves are banned\n|rule|Endless Battle Clause: Forcing endless battles is banned\n|rule|HP Percentage Mod: HP is shown in percentages\n|rule|Sleep Moves Clause: Sleep-inducing moves are banned\n|clearpoke\n|poke|p1|Basculegion, M|\n|poke|p1|Gallade, M|\n|poke|p1|Delphox, F|\n|poke|p1|Regidrago|\n|poke|p1|Magnezone|\n|poke|p1|Coalossal, F|\n|poke|p2|Conkeldurr, M|\n|poke|p2|Azelf|\n|poke|p2|Ambipom, M|\n|poke|p2|Gardevoir, M|\n|poke|p2|Kleavor, M|\n|poke|p2|Forretress, M|\n|teampreview\n|\n|t:|1711939053\n|start\n|switch|p1a: Coalossal|Coalossal, F|100\/100\n|switch|p2a: Conkeldurr|Conkeldurr, M|100\/100\n|turn|1\n|\n|t:|1711939074\n|move|p2a: Conkeldurr|Ice Punch|p1a: Coalossal\n|-resisted|p1a: Coalossal\n|-damage|p1a: Coalossal|90\/100\n|-status|p1a: Coalossal|frz\n|-damage|p2a: Conkeldurr|84\/100|[from] item: Rocky Helmet|[of] p1a: Coalossal\n|-curestatus|p1a: Coalossal|frz|[msg]\n|move|p1a: Coalossal|Stealth Rock|p2a: Conkeldurr\n|-sidestart|p2: IsaiahxKillua|move: Stealth Rock\n|\n|upkeep\n|turn|2\n|\n|t:|1711939096\n|move|p2a: Conkeldurr|Drain Punch|p1a: Coalossal\n|-supereffective|p1a: Coalossal\n|-damage|p1a: Coalossal|26\/100\n|-heal|p2a: Conkeldurr|100\/100|[from] drain|[of] p1a: Coalossal\n|-damage|p2a: Conkeldurr|84\/100|[from] item: Rocky Helmet|[of] p1a: Coalossal\n|move|p1a: Coalossal|Will-O-Wisp|p2a: Conkeldurr\n|-status|p2a: Conkeldurr|brn\n|\n|-damage|p2a: Conkeldurr|78\/100 brn|[from] brn\n|upkeep\n|turn|3\n|\n|t:|1711939109\n|switch|p1a: Basculegion|Basculegion, M, shiny|100\/100\n|move|p2a: Conkeldurr|Ice Punch|p1a: Basculegion\n|-resisted|p1a: Basculegion\n|-damage|p1a: Basculegion|87\/100\n|-status|p1a: Basculegion|frz\n|\n|-damage|p2a: Conkeldurr|72\/100 brn|[from] brn\n|upkeep\n|turn|4\n|\n|t:|1711939121\n|cant|p1a: Basculegion|frz\n|move|p2a: Conkeldurr|Thunder Punch|p1a: Basculegion\n|-supereffective|p1a: Basculegion\n|-damage|p1a: Basculegion|36\/100 frz\n|\n|-damage|p2a: Conkeldurr|66\/100 brn|[from] brn\n|upkeep\n|turn|5\n|\n|t:|1711939128\n|cant|p1a: Basculegion|frz\n|move|p2a: Conkeldurr|Thunder Punch|p1a: Basculegion\n|-supereffective|p1a: Basculegion\n|-damage|p1a: Basculegion|0 fnt\n|faint|p1a: Basculegion\n|\n|-damage|p2a: Conkeldurr|60\/100 brn|[from] brn\n|upkeep\n|\n|t:|1711939165\n|switch|p1a: Gallade|Gallade, M, shiny|100\/100\n|turn|6\n|\n|t:|1711939177\n|move|p1a: Gallade|Leaf Blade|p2a: Conkeldurr\n|-damage|p2a: Conkeldurr|14\/100 brn\n|move|p2a: Conkeldurr|Drain Punch|p1a: Gallade\n|-resisted|p1a: Gallade\n|-damage|p1a: Gallade|73\/100\n|-heal|p2a: Conkeldurr|23\/100 brn|[from] drain|[of] p1a: Gallade\n|\n|-damage|p2a: Conkeldurr|17\/100 brn|[from] brn\n|upkeep\n|turn|7\n|\n|t:|1711939186\n|move|p2a: Conkeldurr|Mach Punch|p1a: Gallade\n|-resisted|p1a: Gallade\n|-damage|p1a: Gallade|58\/100\n|move|p1a: Gallade|Leaf Blade|p2a: Conkeldurr\n|-damage|p2a: Conkeldurr|0 fnt\n|faint|p2a: Conkeldurr\n|\n|upkeep\n|\n|t:|1711939195\n|switch|p2a: Ambipom|Ambipom, M|100\/100\n|-damage|p2a: Ambipom|88\/100|[from] Stealth Rock\n|turn|8\n|\n|t:|1711939201\n|switch|p1a: Coalossal|Coalossal, F|26\/100\n|move|p2a: Ambipom|Acrobatics|p1a: Coalossal\n|-resisted|p1a: Coalossal\n|-damage|p1a: Coalossal|19\/100\n|-damage|p2a: Ambipom|72\/100|[from] item: Rocky Helmet|[of] p1a: Coalossal\n|-status|p2a: Ambipom|brn|[from] ability: Flame Body|[of] p1a: Coalossal\n|-damage|p2a: Ambipom|62\/100 brn|[from] item: Life Orb\n|\n|-damage|p2a: Ambipom|55\/100 brn|[from] brn\n|upkeep\n|turn|9\n|\n|t:|1711939232\n|switch|p1a: Magnezone|Magnezone|100\/100\n|move|p2a: Ambipom|Triple Axel|p1a: Magnezone\n|-resisted|p1a: Magnezone\n|-damage|p1a: Magnezone|98\/100\n|-resisted|p1a: Magnezone\n|-damage|p1a: Magnezone|93\/100\n|-resisted|p1a: Magnezone\n|-damage|p1a: Magnezone|87\/100\n|-hitcount|p1a: Magnezone|3\n|-damage|p2a: Ambipom|46\/100 brn|[from] item: Life Orb\n|\n|-damage|p2a: Ambipom|39\/100 brn|[from] brn\n|upkeep\n|turn|10\n|\n|t:|1711939251\n|move|p2a: Ambipom|Triple Axel|p1a: Magnezone\n|-resisted|p1a: Magnezone\n|-damage|p1a: Magnezone|84\/100\n|-resisted|p1a: Magnezone\n|-damage|p1a: Magnezone|79\/100\n|-resisted|p1a: Magnezone\n|-damage|p1a: Magnezone|71\/100\n|-hitcount|p1a: Magnezone|3\n|-damage|p2a: Ambipom|29\/100 brn|[from] item: Life Orb\n|move|p1a: Magnezone|Discharge|p2a: Ambipom\n|-damage|p2a: Ambipom|0 fnt\n|faint|p2a: Ambipom\n|\n|upkeep\n|\n|t:|1711939266\n|switch|p2a: Azelf|Azelf|100\/100\n|-damage|p2a: Azelf|88\/100|[from] Stealth Rock\n|turn|11\n|\n|t:|1711939273\n|move|p2a: Azelf|Fire Blast|p1a: Magnezone\n|-supereffective|p1a: Magnezone\n|-damage|p1a: Magnezone|0 fnt\n|faint|p1a: Magnezone\n|\n|upkeep\n|\n|t:|1711939296\n|switch|p1a: Delphox|Delphox, F, shiny|100\/100\n|turn|12\n|\n|t:|1711939305\n|switch|p2a: Gardevoir|Gardevoir, M|100\/100\n|-damage|p2a: Gardevoir|88\/100|[from] Stealth Rock\n|-ability|p2a: Gardevoir|Blaze|[from] ability: Trace|[of] p1a: Delphox\n|move|p1a: Delphox|Flamethrower|p2a: Gardevoir\n|-damage|p2a: Gardevoir|17\/100\n|\n|upkeep\n|turn|13\n|\n|t:|1711939334\n|move|p2a: Gardevoir|Psychic|p1a: Delphox\n|-resisted|p1a: Delphox\n|-damage|p1a: Delphox|73\/100\n|move|p1a: Delphox|Flamethrower|p2a: Gardevoir\n|-damage|p2a: Gardevoir|0 fnt\n|faint|p2a: Gardevoir\n|\n|upkeep\n|\n|t:|1711939344\n|switch|p2a: Kleavor|Kleavor, M|100\/100\n|-damage|p2a: Kleavor|76\/100|[from] Stealth Rock\n|turn|14\n|\n|t:|1711939352\n|move|p1a: Delphox|Flamethrower|p2a: Kleavor\n|-crit|p2a: Kleavor\n|-damage|p2a: Kleavor|0 fnt\n|faint|p2a: Kleavor\n|\n|upkeep\n|\n|t:|1711939356\n|switch|p2a: Azelf|Azelf|88\/100\n|-damage|p2a: Azelf|76\/100|[from] Stealth Rock\n|turn|15\n|\n|t:|1711939374\n|-terastallize|p2a: Azelf|Psychic\n|move|p2a: Azelf|Psychic|p1a: Delphox\n|-resisted|p1a: Delphox\n|-damage|p1a: Delphox|23\/100\n|move|p1a: Delphox|Flamethrower|p2a: Azelf\n|-damage|p2a: Azelf|0 fnt\n|faint|p2a: Azelf\n|\n|upkeep\n|\n|t:|1711939382\n|switch|p2a: Forretress|Forretress, M|100\/100\n|-damage|p2a: Forretress|88\/100|[from] Stealth Rock\n|turn|16\n|\n|t:|1711939386\n|move|p1a: Delphox|Flamethrower|p2a: Forretress\n|-supereffective|p2a: Forretress\n|-damage|p2a: Forretress|0 fnt\n|faint|p2a: Forretress\n|\n|win|Pacharaka\n|raw|Pacharaka's rating: 1014 &rarr; <strong>1056<\/strong><br \/>(+42 for winning)\n|raw|IsaiahxKillua's rating: 1056 &rarr; <strong>1035<\/strong><br \/>(-21 for losing)\n|l|\u2606IsaiahxKillua\n|player|p2|\n","uploadtime":1711939394,"views":5,"formatid":"gen9ru","rating":1035,"private":0,"password":null}