{"id":"gen9mixandmega-2092873173","format":"[Gen 9] Mix and Mega","players":["Brave Yellow","Mincera31"],"log":"|j|\u2606Brave Yellow\n|j|\u2606Mincera31\n|t:|1711882309\n|gametype|singles\n|player|p1|Brave Yellow|volo-ginkgo|1277\n|player|p2|Mincera31|2|1522\n|teamsize|p1|6\n|teamsize|p2|6\n|gen|9\n|tier|[Gen 9] Mix and Mega\n|rated|\n|rule|Species Clause: Limit one of each Pok\u00e9mon\n|rule|OHKO Clause: OHKO moves are banned\n|rule|Evasion Moves Clause: Evasion moves are banned\n|rule|Endless Battle Clause: Forcing endless battles is banned\n|rule|HP Percentage Mod: HP is shown in percentages\n|rule|Evasion Items Clause: Evasion items are banned\n|rule|Evasion Abilities Clause: Evasion abilities are banned\n|rule|Sleep Moves Clause: Sleep-inducing moves are banned\n|rule|Terastal Clause: You cannot Terastallize\n|clearpoke\n|poke|p1|Calyrex-Ice|\n|poke|p1|Tyranitar, F|\n|poke|p1|Annihilape, M|\n|poke|p1|Infernape, F|\n|poke|p1|Vaporeon, M|\n|poke|p1|Heatran, F|\n|poke|p2|Corviknight, M|\n|poke|p2|Great Tusk|\n|poke|p2|Solgaleo|\n|poke|p2|Regieleki|\n|poke|p2|Magearna|\n|poke|p2|Lugia|\n|teampreview\n|inactive|Battle timer is ON: inactive players will automatically lose when time's up. (requested by Brave Yellow)\n|\n|t:|1711882330\n|start\n|switch|p1a: Shimo|Calyrex-Ice|100\/100\n|switch|p2a: Solgaleo|Solgaleo|100\/100\n|-ability|p1a: Shimo|As One\n|-ability|p1a: Shimo|Unnerve\n|turn|1\n|\n|t:|1711882349\n|switch|p1a: Off Screened|Heatran, F|100\/100\n|detailschange|p2a: Solgaleo|Solgaleo\n|-mega|p2a: Solgaleo|Solgaleo|Manectite\n|-ability|p2a: Solgaleo|Intimidate|boost\n|-unboost|p1a: Off Screened|atk|1\n|-start|p2a: Solgaleo|Manectite|[silent]\n|move|p2a: Solgaleo|Flash Cannon|p1a: Off Screened\n|-resisted|p1a: Off Screened\n|-damage|p1a: Off Screened|92\/100\n|-unboost|p1a: Off Screened|spd|1\n|\n|upkeep\n|turn|2\n|\n|t:|1711882365\n|-end|p2a: Solgaleo|Manectite|[silent]\n|switch|p2a: Lugia|Lugia|100\/100\n|-ability|p2a: Lugia|Pressure\n|detailschange|p2a: Lugia|Lugia\n|-primal|p2a: Lugia|Red Orb\n|-weather|DesolateLand|[from] ability: Desolate Land|[of] p2a: Lugia\n|-start|p2a: Lugia|Red Orb|[silent]\n|-start|p2a: Lugia|typechange|Psychic\/Fire|[silent]\n|move|p1a: Off Screened|Protect||[still]\n|-fail|p1a: Off Screened\n|\n|-weather|DesolateLand|[upkeep]\n|upkeep\n|turn|3\n|\n|t:|1711882373\n|move|p2a: Lugia|Calm Mind|p2a: Lugia\n|-boost|p2a: Lugia|spa|1\n|-boost|p2a: Lugia|spd|1\n|move|p1a: Off Screened|Magma Storm|p2a: Lugia\n|-resisted|p2a: Lugia\n|-damage|p2a: Lugia|80\/100\n|-activate|p2a: Lugia|move: Magma Storm|[of] p1a: Off Screened\n|\n|-weather|DesolateLand|[upkeep]\n|-damage|p2a: Lugia|68\/100|[from] move: Magma Storm|[partiallytrapped]\n|upkeep\n|turn|4\n|inactive|Brave Yellow has 120 seconds left.\n|\n|t:|1711882414\n|move|p2a: Lugia|Calm Mind|p2a: Lugia\n|-boost|p2a: Lugia|spa|1\n|-boost|p2a: Lugia|spd|1\n|move|p1a: Off Screened|Earth Power|p2a: Lugia\n|-supereffective|p2a: Lugia\n|-damage|p2a: Lugia|46\/100\n|\n|-weather|DesolateLand|[upkeep]\n|-damage|p2a: Lugia|33\/100|[from] move: Magma Storm|[partiallytrapped]\n|upkeep\n|turn|5\n|\n|t:|1711882425\n|switch|p1a: Godzilla|Tyranitar, F|100\/100\n|-ability|p1a: Godzilla|Sand Stream|[from] desolateland|[fail]\n|move|p2a: Lugia|Recover|p2a: Lugia\n|-heal|p2a: Lugia|84\/100\n|\n|-weather|DesolateLand|[upkeep]\n|-end|p2a: Lugia|Magma Storm|[partiallytrapped]|[silent]\n|upkeep\n|turn|6\n|\n|t:|1711882433\n|move|p2a: Lugia|Weather Ball|p1a: Godzilla\n|-resisted|p1a: Godzilla\n|-damage|p1a: Godzilla|27\/100\n|move|p1a: Godzilla|Dragon Tail|p2a: Lugia\n|-damage|p2a: Lugia|72\/100\n|-end|p2a: Lugia|Red Orb|[silent]\n|-weather|none\n|drag|p2a: Solgaleo|Solgaleo|100\/100\n|-start|p2a: Solgaleo|Manectite|[silent]\n|-ability|p2a: Solgaleo|Intimidate|boost\n|-unboost|p1a: Godzilla|atk|1\n|\n|upkeep\n|turn|7\n|inactive|Brave Yellow has 120 seconds left.\n|\n|t:|1711882445\n|switch|p1a: Off Screened|Heatran, F|92\/100\n|move|p2a: Solgaleo|Future Sight|p1a: Off Screened\n|-start|p2a: Solgaleo|move: Future Sight\n|\n|upkeep\n|turn|8\n|\n|t:|1711882455\n|-end|p2a: Solgaleo|Manectite|[silent]\n|switch|p2a: Lugia|Lugia|72\/100\n|-start|p2a: Lugia|Red Orb|[silent]\n|-start|p2a: Lugia|typechange|Psychic\/Fire|[silent]\n|-weather|DesolateLand|[from] ability: Desolate Land|[of] p2a: Lugia\n|move|p1a: Off Screened|Magma Storm|p2a: Lugia\n|-resisted|p2a: Lugia\n|-damage|p2a: Lugia|44\/100\n|-activate|p2a: Lugia|move: Magma Storm|[of] p1a: Off Screened\n|\n|-weather|DesolateLand|[upkeep]\n|-damage|p2a: Lugia|32\/100|[from] move: Magma Storm|[partiallytrapped]\n|upkeep\n|turn|9\n|\n|t:|1711882461\n|move|p2a: Lugia|Recover|p2a: Lugia\n|-heal|p2a: Lugia|82\/100\n|move|p1a: Off Screened|Earth Power|p2a: Lugia\n|-supereffective|p2a: Lugia\n|-damage|p2a: Lugia|38\/100\n|\n|-weather|DesolateLand|[upkeep]\n|-end|p1a: Off Screened|move: Future Sight\n|-resisted|p1a: Off Screened\n|-damage|p1a: Off Screened|70\/100\n|-damage|p2a: Lugia|26\/100|[from] move: Magma Storm|[partiallytrapped]\n|upkeep\n|turn|10\n|\n|t:|1711882472\n|move|p2a: Lugia|Recover|p2a: Lugia\n|-heal|p2a: Lugia|76\/100\n|move|p1a: Off Screened|Earth Power|p2a: Lugia\n|-supereffective|p2a: Lugia\n|-damage|p2a: Lugia|33\/100\n|\n|-weather|DesolateLand|[upkeep]\n|-damage|p2a: Lugia|20\/100|[from] move: Magma Storm|[partiallytrapped]\n|upkeep\n|turn|11\n|\n|t:|1711882478\n|move|p2a: Lugia|Psychic Noise|p1a: Off Screened\n|-resisted|p1a: Off Screened\n|-damage|p1a: Off Screened|54\/100\n|-start|p1a: Off Screened|move: Heal Block\n|move|p1a: Off Screened|Earth Power|p2a: Lugia\n|-supereffective|p2a: Lugia\n|-damage|p2a: Lugia|0 fnt\n|faint|p2a: Lugia\n|-weather|none\n|\n|upkeep\n|\n|t:|1711882487\n|switch|p2a: Great Tusk|Great Tusk|100\/100\n|turn|12\n|\n|t:|1711882491\n|detailschange|p2a: Great Tusk|Great Tusk\n|-mega|p2a: Great Tusk|Great Tusk|Metagrossite\n|-end|p2a: Great Tusk|Protosynthesis|[silent]\n|-start|p2a: Great Tusk|Metagrossite|[silent]\n|detailschange|p1a: Off Screened|Heatran, F\n|-mega|p1a: Off Screened|Heatran|Latiosite\n|-start|p1a: Off Screened|Latiosite|[silent]\n|move|p1a: Off Screened|Protect|p1a: Off Screened\n|-singleturn|p1a: Off Screened|Protect\n|move|p2a: Great Tusk|Close Combat|p1a: Off Screened\n|-activate|p1a: Off Screened|move: Protect\n|\n|-end|p1a: Off Screened|move: Heal Block\n|upkeep\n|turn|13\n|\n|t:|1711882504\n|-end|p1a: Off Screened|Latiosite|[silent]\n|switch|p1a: King Kong|Annihilape, M|100\/100\n|move|p2a: Great Tusk|Bulk Up|p2a: Great Tusk\n|-boost|p2a: Great Tusk|atk|1\n|-boost|p2a: Great Tusk|def|1\n|\n|upkeep\n|turn|14\n|\n|t:|1711882510\n|detailschange|p1a: King Kong|Annihilape, M\n|-mega|p1a: King Kong|Annihilape|Manectite\n|-ability|p1a: King Kong|Intimidate|boost\n|-unboost|p2a: Great Tusk|atk|1\n|-start|p1a: King Kong|Manectite|[silent]\n|move|p2a: Great Tusk|Headlong Rush|p1a: King Kong\n|-damage|p1a: King Kong|41\/100\n|-unboost|p2a: Great Tusk|def|1\n|-unboost|p2a: Great Tusk|spd|1\n|move|p1a: King Kong|Rage Fist|p2a: Great Tusk\n|-damage|p2a: Great Tusk|69\/100\n|\n|upkeep\n|turn|15\n|\n|t:|1711882525\n|-end|p1a: King Kong|Manectite|[silent]\n|switch|p1a: Off Screened|Heatran, F|54\/100\n|-start|p1a: Off Screened|Latiosite|[silent]\n|move|p2a: Great Tusk|Headlong Rush|p1a: Off Screened\n|-immune|p1a: Off Screened|[from] ability: Levitate\n|\n|upkeep\n|turn|16\n|\n|t:|1711882530\n|-end|p1a: Off Screened|Latiosite|[silent]\n|switch|p1a: King Kong|Annihilape, M|41\/100\n|-start|p1a: King Kong|Manectite|[silent]\n|-ability|p1a: King Kong|Intimidate|boost\n|-unboost|p2a: Great Tusk|atk|1\n|move|p2a: Great Tusk|Close Combat|p1a: King Kong\n|-immune|p1a: King Kong\n|\n|upkeep\n|turn|17\n|\n|t:|1711882536\n|-end|p2a: Great Tusk|Metagrossite|[silent]\n|switch|p2a: Corviknight|Corviknight, M|100\/100\n|-ability|p2a: Corviknight|Pressure\n|move|p1a: King Kong|Rest|p1a: King Kong\n|-status|p1a: King Kong|slp|[from] move: Rest\n|-heal|p1a: King Kong|100\/100 slp|[silent]\n|\n|upkeep\n|turn|18\n|\n|t:|1711882542\n|detailschange|p2a: Corviknight|Corviknight, M\n|-mega|p2a: Corviknight|Corviknight|Sablenite\n|-start|p2a: Corviknight|Sablenite|[silent]\n|cant|p1a: King Kong|slp\n|move|p1a: King Kong|Sleep Talk|p1a: King Kong\n|move|p1a: King Kong|Rest||[from]move: Sleep Talk|[still]\n|-fail|p1a: King Kong\n|move|p2a: Corviknight|U-turn|p1a: King Kong\n|-resisted|p1a: King Kong\n|-damage|p1a: King Kong|98\/100 slp\n|\n|t:|1711882549\n|-end|p2a: Corviknight|Sablenite|[silent]\n|switch|p2a: Magearna|Magearna|100\/100|[from] U-turn\n|\n|upkeep\n|turn|19\n|\n|t:|1711882556\n|-end|p1a: King Kong|Manectite|[silent]\n|switch|p1a: Off Screened|Heatran, F|54\/100\n|-start|p1a: Off Screened|Latiosite|[silent]\n|detailschange|p2a: Magearna|Magearna\n|-mega|p2a: Magearna|Magearna|Latiasite\n|-start|p2a: Magearna|Latiasite|[silent]\n|move|p2a: Magearna|Spikes|p1a: Off Screened\n|-sidestart|p1: Brave Yellow|Spikes\n|\n|upkeep\n|turn|20\n|\n|t:|1711882562\n|move|p1a: Off Screened|Magma Storm|p2a: Magearna\n|-supereffective|p2a: Magearna\n|-crit|p2a: Magearna\n|-damage|p2a: Magearna|0 fnt\n|faint|p2a: Magearna\n|\n|upkeep\n|\n|t:|1711882569\n|switch|p2a: Great Tusk|Great Tusk|69\/100\n|-start|p2a: Great Tusk|Metagrossite|[silent]\n|turn|21\n|\n|t:|1711882575\n|move|p2a: Great Tusk|Close Combat|p1a: Off Screened\n|-supereffective|p1a: Off Screened\n|-damage|p1a: Off Screened|0 fnt\n|-unboost|p2a: Great Tusk|def|1\n|-unboost|p2a: Great Tusk|spd|1\n|faint|p1a: Off Screened\n|\n|upkeep\n|\n|t:|1711882579\n|switch|p1a: King Kong|Annihilape, M|98\/100 slp\n|-start|p1a: King Kong|Manectite|[silent]\n|-damage|p1a: King Kong|85\/100 slp|[from] Spikes\n|-ability|p1a: King Kong|Intimidate|boost\n|-unboost|p2a: Great Tusk|atk|1\n|turn|22\n|\n|t:|1711882586\n|-end|p2a: Great Tusk|Metagrossite|[silent]\n|switch|p2a: Solgaleo|Solgaleo|100\/100\n|-start|p2a: Solgaleo|Manectite|[silent]\n|-ability|p2a: Solgaleo|Intimidate|boost\n|-unboost|p1a: King Kong|atk|1\n|cant|p1a: King Kong|slp\n|move|p1a: King Kong|Sleep Talk|p1a: King Kong\n|move|p1a: King Kong|Rest||[from]move: Sleep Talk|[still]\n|-fail|p1a: King Kong\n|\n|upkeep\n|turn|23\n|\n|t:|1711882596\n|-end|p1a: King Kong|Manectite|[silent]\n|switch|p1a: Godzilla|Tyranitar, F|27\/100\n|-damage|p1a: Godzilla|15\/100|[from] Spikes\n|-weather|Sandstorm|[from] ability: Sand Stream|[of] p1a: Godzilla\n|move|p2a: Solgaleo|Future Sight|p1a: Godzilla\n|-start|p2a: Solgaleo|move: Future Sight\n|\n|-weather|Sandstorm|[upkeep]\n|upkeep\n|turn|24\n|\n|t:|1711882602\n|switch|p1a: King Kong|Annihilape, M|85\/100 slp\n|-start|p1a: King Kong|Manectite|[silent]\n|-damage|p1a: King Kong|73\/100 slp|[from] Spikes\n|-ability|p1a: King Kong|Intimidate|boost\n|-unboost|p2a: Solgaleo|atk|1\n|move|p2a: Solgaleo|Flash Cannon|p1a: King Kong\n|-damage|p1a: King Kong|44\/100 slp\n|\n|-weather|Sandstorm|[upkeep]\n|-damage|p1a: King Kong|38\/100 slp|[from] Sandstorm\n|upkeep\n|turn|25\n|\n|t:|1711882616\n|-end|p1a: King Kong|Manectite|[silent]\n|switch|p1a: Godzilla|Tyranitar, F|15\/100\n|-damage|p1a: Godzilla|2\/100|[from] Spikes\n|move|p2a: Solgaleo|Teleport|p2a: Solgaleo\n|\n|t:|1711882627\n|-end|p2a: Solgaleo|Manectite|[silent]\n|switch|p2a: Great Tusk|Great Tusk|69\/100|[from] Teleport\n|-start|p2a: Great Tusk|Metagrossite|[silent]\n|\n|-weather|Sandstorm|[upkeep]\n|-end|p1a: Godzilla|move: Future Sight\n|-immune|p1a: Godzilla\n|upkeep\n|turn|26\n|\n|t:|1711882638\n|move|p2a: Great Tusk|Smack Down|p1a: Godzilla\n|-damage|p1a: Godzilla|0 fnt\n|faint|p1a: Godzilla\n|\n|-weather|Sandstorm|[upkeep]\n|upkeep\n|\n|t:|1711882641\n|switch|p1a: Tiamat|Vaporeon, M, shiny|100\/100\n|-damage|p1a: Tiamat|88\/100|[from] Spikes\n|turn|27\n|\n|t:|1711882655\n|-end|p2a: Great Tusk|Metagrossite|[silent]\n|switch|p2a: Corviknight|Corviknight, M|100\/100\n|-start|p2a: Corviknight|Sablenite|[silent]\n|detailschange|p1a: Tiamat|Vaporeon, M, shiny\n|-mega|p1a: Tiamat|Vaporeon|Sablenite\n|-start|p1a: Tiamat|Sablenite|[silent]\n|move|p1a: Tiamat|Wish|p1a: Tiamat\n|\n|-weather|none\n|upkeep\n|turn|28\n|\n|t:|1711882661\n|move|p2a: Corviknight|Body Press|p1a: Tiamat\n|-damage|p1a: Tiamat|70\/100\n|move|p1a: Tiamat|Flip Turn|p2a: Corviknight\n|-damage|p2a: Corviknight|93\/100\n|\n|t:|1711882666\n|-end|p1a: Tiamat|Sablenite|[silent]\n|switch|p1a: King Kong|Annihilape, M|38\/100 slp|[from] Flip Turn\n|-start|p1a: King Kong|Manectite|[silent]\n|-damage|p1a: King Kong|26\/100 slp|[from] Spikes\n|-ability|p1a: King Kong|Intimidate|boost\n|-unboost|p2a: Corviknight|atk|1\n|\n|-heal|p1a: King Kong|81\/100 slp|[from] move: Wish|[wisher] Tiamat\n|upkeep\n|turn|29\n|\n|t:|1711882675\n|-end|p2a: Corviknight|Sablenite|[silent]\n|switch|p2a: Solgaleo|Solgaleo|100\/100\n|-start|p2a: Solgaleo|Manectite|[silent]\n|-ability|p2a: Solgaleo|Intimidate|boost\n|-unboost|p1a: King Kong|atk|1\n|-curestatus|p1a: King Kong|slp|[msg]\n|move|p1a: King Kong|Rage Fist|p2a: Solgaleo\n|-supereffective|p2a: Solgaleo\n|-damage|p2a: Solgaleo|45\/100\n|\n|upkeep\n|turn|30\n|\n|t:|1711882687\n|-end|p1a: King Kong|Manectite|[silent]\n|switch|p1a: Tiamat|Vaporeon, M, shiny|70\/100\n|-start|p1a: Tiamat|Sablenite|[silent]\n|-damage|p1a: Tiamat|58\/100|[from] Spikes\n|move|p2a: Solgaleo|Future Sight|p1a: Tiamat\n|-start|p2a: Solgaleo|move: Future Sight\n|\n|upkeep\n|turn|31\n|\n|t:|1711882696\n|move|p1a: Tiamat|Wish|p1a: Tiamat\n|move|p2a: Solgaleo|Teleport|p2a: Solgaleo\n|\n|t:|1711882701\n|-end|p2a: Solgaleo|Manectite|[silent]\n|switch|p2a: Regieleki|Regieleki|100\/100|[from] Teleport\n|\n|upkeep\n|turn|32\n|\n|t:|1711882717\n|detailschange|p2a: Regieleki|Regieleki\n|-mega|p2a: Regieleki|Regieleki|Altarianite\n|-start|p2a: Regieleki|Altarianite|[silent]\n|-start|p2a: Regieleki|typechange|Electric\/Fairy|[silent]\n|move|p2a: Regieleki|Volt Switch|p1a: Tiamat\n|-supereffective|p1a: Tiamat\n|-damage|p1a: Tiamat|19\/100\n|\n|t:|1711882736\n|-end|p2a: Regieleki|Altarianite|[silent]\n|switch|p2a: Solgaleo|Solgaleo|45\/100|[from] Volt Switch\n|-start|p2a: Solgaleo|Manectite|[silent]\n|-ability|p2a: Solgaleo|Intimidate|boost\n|-unboost|p1a: Tiamat|atk|1\n|move|p1a: Tiamat|Scald|p2a: Solgaleo\n|-damage|p2a: Solgaleo|20\/100\n|-status|p2a: Solgaleo|brn\n|\n|-end|p1a: Tiamat|move: Future Sight\n|-damage|p1a: Tiamat|0 fnt\n|faint|p1a: Tiamat\n|-damage|p2a: Solgaleo|14\/100 brn|[from] brn\n|upkeep\n|\n|t:|1711882750\n|switch|p1a: Skar King|Infernape, F|100\/100\n|-damage|p1a: Skar King|88\/100|[from] Spikes\n|turn|33\n|\n|t:|1711882766\n|detailschange|p1a: Skar King|Infernape, F\n|-mega|p1a: Skar King|Infernape|Altarianite\n|-start|p1a: Skar King|Altarianite|[silent]\n|-start|p1a: Skar King|typechange|Fire\/Fairy|[silent]\n|move|p1a: Skar King|Stealth Rock|p2a: Solgaleo\n|-sidestart|p2: Mincera31|move: Stealth Rock\n|move|p2a: Solgaleo|Future Sight|p1a: Skar King\n|-start|p2a: Solgaleo|move: Future Sight\n|\n|-damage|p2a: Solgaleo|8\/100 brn|[from] brn\n|upkeep\n|turn|34\n|\n|t:|1711882780\n|move|p1a: Skar King|Overheat|p2a: Solgaleo\n|-supereffective|p2a: Solgaleo\n|-damage|p2a: Solgaleo|0 fnt\n|-unboost|p1a: Skar King|spa|2\n|faint|p2a: Solgaleo\n|\n|upkeep\n|\n|t:|1711882787\n|switch|p2a: Great Tusk|Great Tusk|69\/100\n|-start|p2a: Great Tusk|Metagrossite|[silent]\n|-damage|p2a: Great Tusk|66\/100|[from] Stealth Rock\n|turn|35\n|\n|t:|1711882795\n|-end|p1a: Skar King|Altarianite|[silent]\n|switch|p1a: King Kong|Annihilape, M|81\/100\n|-start|p1a: King Kong|Manectite|[silent]\n|-damage|p1a: King Kong|68\/100|[from] Spikes\n|-ability|p1a: King Kong|Intimidate|boost\n|-unboost|p2a: Great Tusk|atk|1\n|move|p2a: Great Tusk|Headlong Rush|p1a: King Kong\n|-damage|p1a: King Kong|23\/100\n|-unboost|p2a: Great Tusk|def|1\n|-unboost|p2a: Great Tusk|spd|1\n|\n|-end|p1a: King Kong|move: Future Sight\n|-supereffective|p1a: King Kong\n|-damage|p1a: King Kong|0 fnt\n|faint|p1a: King Kong\n|upkeep\n|\n|t:|1711882803\n|switch|p1a: Skar King|Infernape, F|88\/100\n|-start|p1a: Skar King|Altarianite|[silent]\n|-start|p1a: Skar King|typechange|Fire\/Fairy|[silent]\n|-damage|p1a: Skar King|76\/100|[from] Spikes\n|turn|36\n|\n|t:|1711882809\n|move|p1a: Skar King|Fake Out|p2a: Great Tusk\n|-supereffective|p2a: Great Tusk\n|-damage|p2a: Great Tusk|17\/100\n|cant|p2a: Great Tusk|flinch\n|\n|upkeep\n|turn|37\n|\n|t:|1711882821\n|move|p2a: Great Tusk|Headlong Rush|p1a: Skar King\n|-supereffective|p1a: Skar King\n|-damage|p1a: Skar King|0 fnt\n|-unboost|p2a: Great Tusk|def|1\n|-unboost|p2a: Great Tusk|spd|1\n|faint|p1a: Skar King\n|\n|upkeep\n|\n|t:|1711882826\n|switch|p1a: Shimo|Calyrex-Ice|100\/100\n|-ability|p1a: Shimo|As One\n|-ability|p1a: Shimo|Unnerve\n|-damage|p1a: Shimo|88\/100|[from] Spikes\n|turn|38\n|\n|t:|1711882836\n|move|p2a: Great Tusk|Close Combat|p1a: Shimo\n|-damage|p1a: Shimo|55\/100\n|-unboost|p2a: Great Tusk|def|1\n|-unboost|p2a: Great Tusk|spd|1\n|move|p1a: Shimo|Glacial Lance|p2a: Great Tusk\n|-supereffective|p2a: Great Tusk\n|-damage|p2a: Great Tusk|0 fnt\n|faint|p2a: Great Tusk\n|-ability|p1a: Shimo|Chilling Neigh|boost\n|-boost|p1a: Shimo|atk|1\n|\n|upkeep\n|\n|t:|1711882840\n|switch|p2a: Corviknight|Corviknight, M|93\/100\n|-start|p2a: Corviknight|Sablenite|[silent]\n|-damage|p2a: Corviknight|81\/100|[from] Stealth Rock\n|turn|39\n|\n|t:|1711882843\n|move|p1a: Shimo|Glacial Lance|p2a: Corviknight\n|-damage|p2a: Corviknight|0 fnt\n|faint|p2a: Corviknight\n|-ability|p1a: Shimo|Chilling Neigh|boost\n|-boost|p1a: Shimo|atk|1\n|\n|upkeep\n|\n|t:|1711882849\n|switch|p2a: Regieleki|Regieleki|100\/100\n|-start|p2a: Regieleki|Altarianite|[silent]\n|-start|p2a: Regieleki|typechange|Electric\/Fairy|[silent]\n|-damage|p2a: Regieleki|88\/100|[from] Stealth Rock\n|turn|40\n|\n|t:|1711882858\n|move|p2a: Regieleki|Extreme Speed|p1a: Shimo\n|-damage|p1a: Shimo|19\/100\n|move|p1a: Shimo|Glacial Lance|p2a: Regieleki\n|-damage|p2a: Regieleki|0 fnt\n|faint|p2a: Regieleki\n|\n|win|Brave Yellow\n|raw|Brave Yellow's rating: 1277 &rarr; <strong>1317<\/strong><br \/>(+40 for winning)\n|raw|Mincera31's rating: 1522 &rarr; <strong>1490<\/strong><br \/>(-32 for losing)\n|l|\u2606Mincera31\n|player|p2|\n","uploadtime":1711882871,"views":5,"formatid":"gen9mixandmega","rating":1317,"private":0,"password":null}