{"id":"gen9monotype-2093353051","format":"[Gen 9] Monotype","players":["BROLYzensei420","KingKrabk"],"log":"|j|\u2606BROLYzensei420\n|j|\u2606KingKrabk\n|t:|1711943292\n|gametype|singles\n|player|p1|BROLYzensei420|170|1061\n|player|p2|KingKrabk|nate|1068\n|teamsize|p1|6\n|teamsize|p2|6\n|gen|9\n|tier|[Gen 9] Monotype\n|rated|\n|rule|Sleep Clause Mod: Limit one foe put to sleep\n|rule|Species Clause: Limit one of each Pok\u00e9mon\n|rule|OHKO Clause: OHKO moves are banned\n|rule|Evasion Items Clause: Evasion items are banned\n|rule|Evasion Moves Clause: Evasion moves are banned\n|rule|Endless Battle Clause: Forcing endless battles is banned\n|rule|HP Percentage Mod: HP is shown in percentages\n|rule|Evasion Abilities Clause: Evasion abilities are banned\n|rule|Same Type Clause: Pok\u00e9mon in a team must share a type\n|rule|Terastal Clause: You cannot Terastallize\n|clearpoke\n|poke|p1|Hitmonlee, M|\n|poke|p1|Breloom, F|\n|poke|p1|Iron Hands|\n|poke|p1|Tauros-Paldea-Aqua, M|\n|poke|p1|Iron Valiant|\n|poke|p1|Infernape, F|\n|poke|p2|Cobalion|\n|poke|p2|Gholdengo|\n|poke|p2|Excadrill, M|\n|poke|p2|Heatran, F|\n|poke|p2|Goodra-Hisui, F|\n|poke|p2|Corviknight, F|\n|teampreview\n|\n|t:|1711943315\n|start\n|switch|p1a: Hitmonlee|Hitmonlee, M|100\/100\n|switch|p2a: Excadrill|Excadrill, M|100\/100\n|-ability|p2a: Excadrill|Mold Breaker\n|turn|1\n|\n|t:|1711943323\n|move|p1a: Hitmonlee|Fake Out|p2a: Excadrill\n|-enditem|p1a: Hitmonlee|Normal Gem|[from] gem\n|-resisted|p2a: Excadrill\n|-damage|p2a: Excadrill|88\/100\n|cant|p2a: Excadrill|flinch\n|\n|upkeep\n|turn|2\n|\n|t:|1711943329\n|move|p1a: Hitmonlee|High Jump Kick|p2a: Excadrill\n|-supereffective|p2a: Excadrill\n|-crit|p2a: Excadrill\n|-damage|p2a: Excadrill|0 fnt\n|faint|p2a: Excadrill\n|\n|upkeep\n|\n|t:|1711943349\n|switch|p2a: Corviknight|Corviknight, F|100\/100\n|turn|3\n|\n|t:|1711943355\n|move|p1a: Hitmonlee|High Jump Kick|p2a: Corviknight\n|-damage|p2a: Corviknight|57\/100\n|move|p2a: Corviknight|Body Press|p1a: Hitmonlee\n|-damage|p1a: Hitmonlee|44\/100\n|\n|-heal|p2a: Corviknight|64\/100|[from] item: Leftovers\n|upkeep\n|turn|4\n|\n|t:|1711943366\n|move|p1a: Hitmonlee|Rock Slide|p2a: Corviknight\n|-damage|p2a: Corviknight|47\/100\n|move|p2a: Corviknight|Body Press|p1a: Hitmonlee\n|-damage|p1a: Hitmonlee|0 fnt\n|faint|p1a: Hitmonlee\n|\n|-heal|p2a: Corviknight|53\/100|[from] item: Leftovers\n|upkeep\n|\n|t:|1711943380\n|switch|p1a: Infernape|Infernape, F|100\/100\n|turn|5\n|\n|t:|1711943391\n|move|p1a: Infernape|Overheat|p2a: Corviknight|[miss]\n|-miss|p1a: Infernape|p2a: Corviknight\n|move|p2a: Corviknight|Roost|p2a: Corviknight\n|-heal|p2a: Corviknight|100\/100\n|-singleturn|p2a: Corviknight|move: Roost\n|\n|upkeep\n|turn|6\n|\n|t:|1711943401\n|move|p1a: Infernape|Blast Burn|p2a: Corviknight\n|-supereffective|p2a: Corviknight\n|-damage|p2a: Corviknight|0 fnt\n|-mustrecharge|p1a: Infernape\n|faint|p2a: Corviknight\n|\n|upkeep\n|\n|t:|1711943409\n|switch|p2a: Heatran|Heatran, F|100\/100\n|turn|7\n|\n|t:|1711943413\n|cant|p1a: Infernape|recharge\n|move|p2a: Heatran|Earth Power|p1a: Infernape\n|-supereffective|p1a: Infernape\n|-enditem|p1a: Infernape|Focus Sash\n|-damage|p1a: Infernape|1\/100\n|\n|upkeep\n|turn|8\n|\n|t:|1711943429\n|switch|p1a: Tauros|Tauros-Paldea-Aqua, M|100\/100\n|-ability|p1a: Tauros|Intimidate|boost\n|-unboost|p2a: Heatran|atk|1\n|move|p2a: Heatran|Earth Power|p1a: Tauros\n|-damage|p1a: Tauros|62\/100\n|-unboost|p1a: Tauros|spd|1\n|\n|upkeep\n|turn|9\n|\n|t:|1711943441\n|switch|p2a: Goodra|Goodra-Hisui, F|100\/100\n|move|p1a: Tauros|Earthquake|p2a: Goodra\n|-supereffective|p2a: Goodra\n|-damage|p2a: Goodra|15\/100\n|-damage|p1a: Tauros|52\/100|[from] item: Life Orb\n|\n|-heal|p2a: Goodra|21\/100|[from] item: Leftovers\n|upkeep\n|turn|10\n|\n|t:|1711943455\n|move|p2a: Goodra|Protect|p2a: Goodra\n|-singleturn|p2a: Goodra|Protect\n|move|p1a: Tauros|Earthquake|p2a: Goodra\n|-activate|p2a: Goodra|move: Protect\n|\n|-heal|p2a: Goodra|27\/100|[from] item: Leftovers\n|upkeep\n|turn|11\n|\n|t:|1711943463\n|move|p1a: Tauros|Earthquake|p2a: Goodra\n|-supereffective|p2a: Goodra\n|-damage|p2a: Goodra|0 fnt\n|faint|p2a: Goodra\n|-damage|p1a: Tauros|42\/100|[from] item: Life Orb\n|\n|upkeep\n|\n|t:|1711943470\n|switch|p2a: Gholdengo|Gholdengo|100\/100\n|-item|p2a: Gholdengo|Air Balloon\n|turn|12\n|\n|t:|1711943476\n|move|p1a: Tauros|Aqua Jet|p2a: Gholdengo\n|-damage|p2a: Gholdengo|68\/100\n|-enditem|p2a: Gholdengo|Air Balloon\n|-damage|p1a: Tauros|32\/100|[from] item: Life Orb\n|move|p2a: Gholdengo|Nasty Plot|p2a: Gholdengo\n|-boost|p2a: Gholdengo|spa|2\n|\n|upkeep\n|turn|13\n|\n|t:|1711943495\n|move|p1a: Tauros|Aqua Jet|p2a: Gholdengo\n|-damage|p2a: Gholdengo|36\/100\n|-damage|p1a: Tauros|23\/100|[from] item: Life Orb\n|move|p2a: Gholdengo|Focus Blast|p1a: Tauros\n|-damage|p1a: Tauros|0 fnt\n|faint|p1a: Tauros\n|\n|upkeep\n|\n|t:|1711943512\n|switch|p1a: Iron Valiant|Iron Valiant|100\/100\n|turn|14\n|\n|t:|1711943523\n|move|p1a: Iron Valiant|Psychic|p2a: Gholdengo\n|-resisted|p2a: Gholdengo\n|-crit|p2a: Gholdengo\n|-damage|p2a: Gholdengo|0 fnt\n|faint|p2a: Gholdengo\n|\n|upkeep\n|\n|t:|1711943529\n|switch|p2a: Heatran|Heatran, F|100\/100\n|turn|15\n|\n|t:|1711943533\n|move|p1a: Iron Valiant|Psychic|p2a: Heatran\n|-resisted|p2a: Heatran\n|-damage|p2a: Heatran|77\/100\n|move|p2a: Heatran|Flash Cannon|p1a: Iron Valiant\n|-supereffective|p1a: Iron Valiant\n|-damage|p1a: Iron Valiant|0 fnt\n|faint|p1a: Iron Valiant\n|-end|p1a: Iron Valiant|Quark Drive|[silent]\n|\n|-heal|p2a: Heatran|83\/100|[from] item: Leftovers\n|upkeep\n|\n|t:|1711943544\n|switch|p1a: Breloom|Breloom, F|100\/100\n|turn|16\n|\n|t:|1711943548\n|move|p1a: Breloom|Mach Punch|p2a: Heatran\n|-supereffective|p2a: Heatran\n|-damage|p2a: Heatran|25\/100\n|move|p2a: Heatran|Magma Storm|p1a: Breloom|[miss]\n|-miss|p2a: Heatran|p1a: Breloom\n|\n|-heal|p2a: Heatran|31\/100|[from] item: Leftovers\n|upkeep\n|turn|17\n|\n|t:|1711943560\n|move|p1a: Breloom|Mach Punch|p2a: Heatran\n|-supereffective|p2a: Heatran\n|-damage|p2a: Heatran|0 fnt\n|faint|p2a: Heatran\n|\n|upkeep\n|\n|t:|1711943566\n|switch|p2a: Crown|Cobalion|100\/100\n|turn|18\n|\n|t:|1711943576\n|move|p2a: Crown|Iron Defense|p2a: Crown\n|-boost|p2a: Crown|def|2\n|move|p1a: Breloom|Spore|p2a: Crown\n|-status|p2a: Crown|slp|[from] move: Spore\n|\n|upkeep\n|turn|19\n|\n|t:|1711943583\n|move|p1a: Breloom|Mach Punch|p2a: Crown\n|-supereffective|p2a: Crown\n|-damage|p2a: Crown|76\/100 slp\n|cant|p2a: Crown|slp\n|\n|-heal|p2a: Crown|83\/100 slp|[from] item: Leftovers\n|upkeep\n|turn|20\n|\n|t:|1711943591\n|move|p1a: Breloom|Mach Punch|p2a: Crown\n|-supereffective|p2a: Crown\n|-damage|p2a: Crown|61\/100 slp\n|cant|p2a: Crown|slp\n|\n|-heal|p2a: Crown|68\/100 slp|[from] item: Leftovers\n|upkeep\n|turn|21\n|\n|t:|1711943599\n|move|p1a: Breloom|Mach Punch|p2a: Crown\n|-supereffective|p2a: Crown\n|-damage|p2a: Crown|45\/100 slp\n|-curestatus|p2a: Crown|slp|[msg]\n|move|p2a: Crown|Iron Defense|p2a: Crown\n|-boost|p2a: Crown|def|2\n|\n|-heal|p2a: Crown|51\/100|[from] item: Leftovers\n|upkeep\n|turn|22\n|\n|t:|1711943609\n|move|p2a: Crown|Body Press|p1a: Breloom\n|-damage|p1a: Breloom|0 fnt\n|faint|p1a: Breloom\n|\n|-heal|p2a: Crown|57\/100|[from] item: Leftovers\n|upkeep\n|\n|t:|1711943616\n|switch|p1a: Infernape|Infernape, F|1\/100\n|turn|23\n|\n|t:|1711943621\n|move|p2a: Crown|Body Press|p1a: Infernape\n|-damage|p1a: Infernape|0 fnt\n|faint|p1a: Infernape\n|\n|-heal|p2a: Crown|63\/100|[from] item: Leftovers\n|upkeep\n|\n|t:|1711943628\n|switch|p1a: Iron Hands|Iron Hands|100\/100\n|turn|24\n|\n|t:|1711943632\n|move|p1a: Iron Hands|Fake Out|p2a: Crown\n|-resisted|p2a: Crown\n|-crit|p2a: Crown\n|-damage|p2a: Crown|56\/100\n|cant|p2a: Crown|flinch\n|\n|-heal|p2a: Crown|62\/100|[from] item: Leftovers\n|upkeep\n|turn|25\n|\n|t:|1711943642\n|move|p2a: Crown|Body Press|p1a: Iron Hands\n|-damage|p1a: Iron Hands|12\/100\n|move|p1a: Iron Hands|Drain Punch|p2a: Crown\n|-supereffective|p2a: Crown\n|-damage|p2a: Crown|40\/100\n|-heal|p1a: Iron Hands|20\/100|[from] drain|[of] p2a: Crown\n|\n|-heal|p2a: Crown|46\/100|[from] item: Leftovers\n|upkeep\n|turn|26\n|\n|t:|1711943653\n|move|p2a: Crown|Body Press|p1a: Iron Hands\n|-damage|p1a: Iron Hands|0 fnt\n|faint|p1a: Iron Hands\n|-end|p1a: Iron Hands|Quark Drive|[silent]\n|\n|win|KingKrabk\n|raw|BROLYzensei420's rating: 1061 &rarr; <strong>1042<\/strong><br \/>(-19 for losing)\n|raw|KingKrabk's rating: 1068 &rarr; <strong>1097<\/strong><br \/>(+29 for winning)\n|l|\u2606KingKrabk\n|player|p2|\n","uploadtime":1711943695,"views":8,"formatid":"gen9monotype","rating":1042,"private":0,"password":null}