|j|☆velvet
|j|☆tyrtle li
|inactive|Battle timer is ON: inactive players will automatically lose when time's up.
|t:|1711942998
|gametype|singles
|player|p1|velvet|jasmine-gen2|
|player|p2|tyrtle li|1|
|teamsize|p1|6
|teamsize|p2|6
|gen|8
|tier|[Gen 8] OU
|rated|Tournament battle
|rule|Sleep Clause Mod: Limit one foe put to sleep
|rule|Species Clause: Limit one of each Pokémon
|rule|OHKO Clause: OHKO moves are banned
|rule|Evasion Items Clause: Evasion items are banned
|rule|Evasion Moves Clause: Evasion moves are banned
|rule|Endless Battle Clause: Forcing endless battles is banned
|rule|HP Percentage Mod: HP is shown in percentages
|rule|Dynamax Clause: You cannot dynamax
|clearpoke
|poke|p1|Melmetal|
|poke|p1|Landorus-Therian, M|
|poke|p1|Tapu Koko|
|poke|p1|Weavile, M|
|poke|p1|Dragonite, M|
|poke|p1|Ferrothorn, M|
|poke|p2|Tapu Lele|
|poke|p2|Landorus-Therian, M|
|poke|p2|Kartana|
|poke|p2|Heatran, F|
|poke|p2|Slowbro, M|
|poke|p2|Umbreon, F|
|teampreview
|c|☆tyrtle li|gl hf
|j| POORS ARE POOR 3
|c|☆velvet|Hf
|
|t:|1711943016
|start
|switch|p1a: Weavile|Weavile, M|100/100
|switch|p2a: Slowbro|Slowbro, M|100/100
|-ability|p1a: Weavile|Pressure
|turn|1
|
|t:|1711943023
|move|p1a: Weavile|Beat Up|p2a: Slowbro
|-supereffective|p2a: Slowbro
|-enditem|p2a: Slowbro|Colbur Berry|[eat]
|-enditem|p2a: Slowbro|Colbur Berry|[weaken]
|-damage|p2a: Slowbro|93/100
|-supereffective|p2a: Slowbro
|-damage|p2a: Slowbro|74/100
|-supereffective|p2a: Slowbro
|-damage|p2a: Slowbro|59/100
|-supereffective|p2a: Slowbro
|-damage|p2a: Slowbro|40/100
|-supereffective|p2a: Slowbro
|-damage|p2a: Slowbro|20/100
|-supereffective|p2a: Slowbro
|-damage|p2a: Slowbro|6/100
|-hitcount|p2a: Slowbro|6
|move|p2a: Slowbro|Body Press|p1a: Weavile
|-supereffective|p1a: Weavile
|-crit|p1a: Weavile
|-damage|p1a: Weavile|0 fnt
|faint|p1a: Weavile
|
|upkeep
|
|t:|1711943036
|switch|p1a: Ferrothorn|Ferrothorn, M|100/100
|turn|2
|inactive|tyrtle li has 120 seconds left.
|
|t:|1711943081
|switch|p2a: Heatran|Heatran, F|100/100
|move|p1a: Ferrothorn|Stealth Rock|p2a: Heatran
|-sidestart|p2: tyrtle li|move: Stealth Rock
|
|upkeep
|turn|3
|
|t:|1711943094
|move|p2a: Heatran|Magma Storm|p1a: Ferrothorn
|-supereffective|p1a: Ferrothorn
|-damage|p1a: Ferrothorn|0 fnt
|faint|p1a: Ferrothorn
|
|upkeep
|
|t:|1711943096
|switch|p1a: Landorus|Landorus-Therian, M|100/100
|-ability|p1a: Landorus|Intimidate|boost
|-unboost|p2a: Heatran|atk|1
|turn|4
|inactive|tyrtle li has 120 seconds left.
|
|t:|1711943102
|switch|p2a: Landorus|Landorus-Therian, M|100/100
|-damage|p2a: Landorus|88/100|[from] Stealth Rock
|-ability|p2a: Landorus|Intimidate|boost
|-unboost|p1a: Landorus|atk|1
|move|p1a: Landorus|Knock Off|p2a: Landorus
|-damage|p2a: Landorus|70/100
|-enditem|p2a: Landorus|Leftovers|[from] move: Knock Off|[of] p1a: Landorus
|
|upkeep
|turn|5
|j| Ominous Void
|inactive|tyrtle li has 120 seconds left.
|
|t:|1711943113
|move|p2a: Landorus|Defog|p1a: Landorus
|-unboost|p1a: Landorus|evasion|1
|-sideend|p2: tyrtle li|Stealth Rock|[from] move: Defog|[of] p2a: Landorus
|move|p1a: Landorus|U-turn|p2a: Landorus
|-resisted|p2a: Landorus
|-damage|p2a: Landorus|63/100
|
|t:|1711943132
|switch|p1a: Dragonite|Dragonite, M|100/100|[from] U-turn
|
|upkeep
|turn|6
|
|t:|1711943145
|move|p1a: Dragonite|Ice Punch|p2a: Landorus
|-supereffective|p2a: Landorus
|-damage|p2a: Landorus|0 fnt
|faint|p2a: Landorus
|
|upkeep
|
|t:|1711943149
|switch|p2a: Umbreon|Umbreon, F|100/100
|turn|7
|inactive|velvet has 120 seconds left.
|
|t:|1711943184
|switch|p1a: Melmetal|Melmetal|100/100
|move|p2a: Umbreon|Wish|p2a: Umbreon
|
|upkeep
|turn|8
|
|t:|1711943209
|switch|p2a: Slowbro|Slowbro, M|39/100
|move|p1a: Melmetal|Double Iron Bash|p2a: Slowbro
|-resisted|p2a: Slowbro
|-damage|p2a: Slowbro|28/100
|-resisted|p2a: Slowbro
|-damage|p2a: Slowbro|17/100
|-hitcount|p2a: Slowbro|2
|
|-heal|p2a: Slowbro|67/100|[from] move: Wish|[wisher] Umbreon
|upkeep
|turn|9
|
|t:|1711943218
|move|p1a: Melmetal|Thunder Punch|p2a: Slowbro
|-supereffective|p2a: Slowbro
|-damage|p2a: Slowbro|31/100
|move|p2a: Slowbro|Scald|p1a: Melmetal
|-damage|p1a: Melmetal|88/100
|
|upkeep
|turn|10
|
|t:|1711943232
|switch|p2a: Umbreon|Umbreon, F|100/100
|move|p1a: Melmetal|Thunder Punch|p2a: Umbreon
|-damage|p2a: Umbreon|82/100
|
|-heal|p2a: Umbreon|88/100|[from] item: Leftovers
|upkeep
|turn|11
|
|t:|1711943236
|move|p2a: Umbreon|Wish|p2a: Umbreon
|move|p1a: Melmetal|Double Iron Bash|p2a: Umbreon
|-damage|p2a: Umbreon|67/100
|-damage|p2a: Umbreon|44/100
|-hitcount|p2a: Umbreon|2
|
|-heal|p2a: Umbreon|50/100|[from] item: Leftovers
|upkeep
|turn|12
|
|t:|1711943242
|move|p2a: Umbreon|Foul Play|p1a: Melmetal
|-damage|p1a: Melmetal|58/100
|move|p1a: Melmetal|Double Iron Bash|p2a: Umbreon
|-damage|p2a: Umbreon|29/100
|-damage|p2a: Umbreon|7/100
|-hitcount|p2a: Umbreon|2
|
|-heal|p2a: Umbreon|57/100|[from] move: Wish|[wisher] Umbreon
|-heal|p2a: Umbreon|63/100|[from] item: Leftovers
|upkeep
|turn|13
|
|t:|1711943248
|move|p2a: Umbreon|Wish|p2a: Umbreon
|move|p1a: Melmetal|Double Iron Bash|p2a: Umbreon
|-damage|p2a: Umbreon|42/100
|-damage|p2a: Umbreon|20/100
|-hitcount|p2a: Umbreon|2
|
|-heal|p2a: Umbreon|26/100|[from] item: Leftovers
|upkeep
|turn|14
|
|t:|1711943253
|move|p2a: Umbreon|Protect|p2a: Umbreon
|-singleturn|p2a: Umbreon|Protect
|move|p1a: Melmetal|Ice Punch|p2a: Umbreon
|-activate|p2a: Umbreon|move: Protect
|
|-heal|p2a: Umbreon|76/100|[from] move: Wish|[wisher] Umbreon
|-heal|p2a: Umbreon|82/100|[from] item: Leftovers
|upkeep
|turn|15
|
|t:|1711943257
|move|p2a: Umbreon|Wish|p2a: Umbreon
|move|p1a: Melmetal|Double Iron Bash|p2a: Umbreon
|-damage|p2a: Umbreon|61/100
|-damage|p2a: Umbreon|39/100
|-hitcount|p2a: Umbreon|2
|
|-heal|p2a: Umbreon|45/100|[from] item: Leftovers
|upkeep
|turn|16
|
|t:|1711943260
|move|p2a: Umbreon|Protect|p2a: Umbreon
|-singleturn|p2a: Umbreon|Protect
|move|p1a: Melmetal|Double Iron Bash|p2a: Umbreon
|-activate|p2a: Umbreon|move: Protect
|
|-heal|p2a: Umbreon|95/100|[from] move: Wish|[wisher] Umbreon
|-heal|p2a: Umbreon|100/100|[from] item: Leftovers
|upkeep
|turn|17
|
|t:|1711943265
|switch|p2a: Heatran|Heatran, F|100/100
|move|p1a: Melmetal|Double Iron Bash|p2a: Heatran
|-resisted|p2a: Heatran
|-damage|p2a: Heatran|94/100
|-resisted|p2a: Heatran
|-damage|p2a: Heatran|85/100
|-hitcount|p2a: Heatran|2
|
|-heal|p2a: Heatran|92/100|[from] item: Leftovers
|upkeep
|turn|18
|
|t:|1711943270
|switch|p1a: Landorus|Landorus-Therian, M|100/100
|-ability|p1a: Landorus|Intimidate|boost
|-unboost|p2a: Heatran|atk|1
|move|p2a: Heatran|Magma Storm|p1a: Landorus|[miss]
|-miss|p2a: Heatran|p1a: Landorus
|
|-heal|p2a: Heatran|98/100|[from] item: Leftovers
|upkeep
|turn|19
|
|t:|1711943275
|switch|p2a: Slowbro|Slowbro, M|65/100
|move|p1a: Landorus|Earthquake|p2a: Slowbro
|-damage|p2a: Slowbro|34/100
|
|upkeep
|turn|20
|
|t:|1711943280
|move|p1a: Landorus|U-turn|p2a: Slowbro
|-supereffective|p2a: Slowbro
|-damage|p2a: Slowbro|8/100
|
|t:|1711943282
|switch|p1a: Tapu Koko|Tapu Koko|100/100|[from] U-turn
|-fieldstart|move: Electric Terrain|[from] ability: Electric Surge|[of] p1a: Tapu Koko
|move|p2a: Slowbro|Slack Off|p2a: Slowbro
|-heal|p2a: Slowbro|58/100
|
|upkeep
|turn|21
|
|t:|1711943285
|switch|p2a: Heatran|Heatran, F|98/100
|move|p1a: Tapu Koko|Calm Mind|p1a: Tapu Koko
|-boost|p1a: Tapu Koko|spa|1
|-boost|p1a: Tapu Koko|spd|1
|
|-heal|p2a: Heatran|100/100|[from] item: Leftovers
|upkeep
|turn|22
|
|t:|1711943288
|move|p1a: Tapu Koko|Thunderbolt|p2a: Heatran
|-damage|p2a: Heatran|52/100
|move|p2a: Heatran|Magma Storm|p1a: Tapu Koko
|-damage|p1a: Tapu Koko|57/100
|-activate|p1a: Tapu Koko|move: Magma Storm|[of] p2a: Heatran
|
|-heal|p2a: Heatran|59/100|[from] item: Leftovers
|-damage|p1a: Tapu Koko|45/100|[from] move: Magma Storm|[partiallytrapped]
|upkeep
|turn|23
|
|t:|1711943293
|move|p1a: Tapu Koko|Roost|p1a: Tapu Koko
|-heal|p1a: Tapu Koko|95/100
|-singleturn|p1a: Tapu Koko|move: Roost
|move|p2a: Heatran|Earth Power|p1a: Tapu Koko
|-supereffective|p1a: Tapu Koko
|-damage|p1a: Tapu Koko|38/100
|
|-heal|p2a: Heatran|65/100|[from] item: Leftovers
|-damage|p1a: Tapu Koko|26/100|[from] move: Magma Storm|[partiallytrapped]
|upkeep
|turn|24
|
|t:|1711943301
|move|p1a: Tapu Koko|Thunderbolt|p2a: Heatran
|-damage|p2a: Heatran|18/100
|move|p2a: Heatran|Earth Power|p1a: Tapu Koko
|-supereffective|p1a: Tapu Koko
|-damage|p1a: Tapu Koko|0 fnt
|faint|p1a: Tapu Koko
|
|-heal|p2a: Heatran|24/100|[from] item: Leftovers
|-fieldend|move: Electric Terrain
|upkeep
|
|t:|1711943303
|switch|p1a: Landorus|Landorus-Therian, M|100/100
|-ability|p1a: Landorus|Intimidate|boost
|-unboost|p2a: Heatran|atk|1
|turn|25
|
|t:|1711943308
|switch|p2a: Slowbro|Slowbro, M|91/100
|move|p1a: Landorus|U-turn|p2a: Slowbro
|-supereffective|p2a: Slowbro
|-damage|p2a: Slowbro|64/100
|
|t:|1711943310
|switch|p1a: Melmetal|Melmetal|58/100|[from] U-turn
|
|upkeep
|turn|26
|
|t:|1711943314
|move|p1a: Melmetal|Double Iron Bash|p2a: Slowbro
|-resisted|p2a: Slowbro
|-damage|p2a: Slowbro|53/100
|-resisted|p2a: Slowbro
|-damage|p2a: Slowbro|41/100
|-hitcount|p2a: Slowbro|2
|move|p2a: Slowbro|Scald|p1a: Melmetal
|-damage|p1a: Melmetal|44/100
|-status|p1a: Melmetal|brn
|
|-damage|p1a: Melmetal|38/100 brn|[from] brn
|upkeep
|turn|27
|
|t:|1711943320
|switch|p1a: Dragonite|Dragonite, M|100/100
|move|p2a: Slowbro|Slack Off|p2a: Slowbro
|-heal|p2a: Slowbro|92/100
|
|upkeep
|turn|28
|
|t:|1711943324
|move|p1a: Dragonite|Dragon Dance|p1a: Dragonite
|-boost|p1a: Dragonite|atk|1
|-boost|p1a: Dragonite|spe|1
|move|p2a: Slowbro|Teleport|p2a: Slowbro
|
|t:|1711943326
|switch|p2a: Umbreon|Umbreon, F|100/100|[from] Teleport
|
|upkeep
|turn|29
|
|t:|1711943330
|move|p1a: Dragonite|Ice Punch|p2a: Umbreon
|-damage|p2a: Umbreon|77/100
|move|p2a: Umbreon|Foul Play|p1a: Dragonite
|-damage|p1a: Dragonite|70/100
|
|-heal|p2a: Umbreon|83/100|[from] item: Leftovers
|upkeep
|turn|30
|
|t:|1711943334
|move|p1a: Dragonite|Ice Punch|p2a: Umbreon
|-damage|p2a: Umbreon|60/100
|move|p2a: Umbreon|Foul Play|p1a: Dragonite
|-damage|p1a: Dragonite|9/100
|
|-heal|p2a: Umbreon|66/100|[from] item: Leftovers
|upkeep
|turn|31
|
|t:|1711943337
|move|p1a: Dragonite|Ice Punch|p2a: Umbreon
|-damage|p2a: Umbreon|43/100
|move|p2a: Umbreon|Foul Play|p1a: Dragonite
|-damage|p1a: Dragonite|0 fnt
|faint|p1a: Dragonite
|
|-heal|p2a: Umbreon|49/100|[from] item: Leftovers
|upkeep
|
|t:|1711943338
|switch|p1a: Landorus|Landorus-Therian, M|100/100
|-ability|p1a: Landorus|Intimidate|boost
|-unboost|p2a: Umbreon|atk|1
|turn|32
|
|t:|1711943341
|move|p1a: Landorus|Earthquake|p2a: Umbreon
|-damage|p2a: Umbreon|21/100
|move|p2a: Umbreon|Wish|p2a: Umbreon
|
|-heal|p2a: Umbreon|27/100|[from] item: Leftovers
|upkeep
|turn|33
|l| Ominous Void
|
|t:|1711943354
|switch|p2a: Kartana|Kartana|100/100
|move|p1a: Landorus|Earthquake|p2a: Kartana
|-damage|p2a: Kartana|47/100
|
|-heal|p2a: Kartana|100/100|[from] move: Wish|[wisher] Umbreon
|upkeep
|turn|34
|
|t:|1711943356
|move|p2a: Kartana|Leaf Blade|p1a: Landorus
|-damage|p1a: Landorus|41/100
|move|p1a: Landorus|Earthquake|p2a: Kartana
|-damage|p2a: Kartana|47/100
|
|-heal|p1a: Landorus|47/100|[from] item: Leftovers
|upkeep
|turn|35
|
|t:|1711943360
|move|p2a: Kartana|Leaf Blade|p1a: Landorus
|-damage|p1a: Landorus|0 fnt
|faint|p1a: Landorus
|-ability|p2a: Kartana|Beast Boost|boost
|-boost|p2a: Kartana|atk|1
|
|upkeep
|
|t:|1711943361
|switch|p1a: Melmetal|Melmetal|38/100 brn
|turn|36
|
|t:|1711943363
|move|p2a: Kartana|Leaf Blade|p1a: Melmetal
|-resisted|p1a: Melmetal
|-crit|p1a: Melmetal
|-damage|p1a: Melmetal|2/100 brn
|move|p1a: Melmetal|Superpower|p2a: Kartana
|-supereffective|p2a: Kartana
|-damage|p2a: Kartana|7/100
|-unboost|p1a: Melmetal|atk|1
|-unboost|p1a: Melmetal|def|1
|
|-damage|p1a: Melmetal|0 fnt|[from] brn
|faint|p1a: Melmetal
|
|win|tyrtle li
|upkeep
|n|☆velvet|velvet
|n|☆tyrtle li|tyrtleli
|n| POORS ARE POOR 3|poorsarepoor3
|c|☆tyrtle li|gg
|l| POORS ARE POOR 3
|l|☆velvet
|player|p1|
