|raw|<div class="broadcast-blue"><strong>This battle is required to be public due to a player having a name starting with 'orasz'.</div>
|j|☆outz u
|j|☆orasz soviet
|t:|1711936774
|gametype|singles
|player|p1|outz u|101|
|player|p2|orasz soviet|ogreclan|
|teamsize|p1|6
|teamsize|p2|6
|gen|8
|tier|[Gen 8] OU
|rule|Sleep Clause Mod: Limit one foe put to sleep
|rule|Species Clause: Limit one of each Pokémon
|rule|OHKO Clause: OHKO moves are banned
|rule|Evasion Items Clause: Evasion items are banned
|rule|Evasion Moves Clause: Evasion moves are banned
|rule|Endless Battle Clause: Forcing endless battles is banned
|rule|HP Percentage Mod: HP is shown in percentages
|rule|Dynamax Clause: You cannot dynamax
|clearpoke
|poke|p1|Zapdos|
|poke|p1|Toxapex, F|
|poke|p1|Landorus-Therian, M|
|poke|p1|Weavile, F|
|poke|p1|Slowking-Galar, F|
|poke|p1|Scizor, F|
|poke|p2|Ribombee, M|
|poke|p2|Bisharp, F|
|poke|p2|Excadrill, M|
|poke|p2|Blacephalon|
|poke|p2|Kommo-o, F|
|poke|p2|Azumarill, F|
|teampreview
|inactive|Battle timer is ON: inactive players will automatically lose when time's up. (requested by orasz soviet)
|j| whis get the
|j| EROTIC BARBER
|l| whis get the
|j| nudili
|inactive|outz u has 270 seconds left.
|l| EROTIC BARBER
|
|t:|1711936808
|start
|switch|p1a: Weavile|Weavile, F|100/100
|switch|p2a: Ribombee|Ribombee, M|100/100
|-ability|p1a: Weavile|Pressure
|turn|1
|j| EROTIC BARBER
|l| EROTIC BARBER
|l| nudili
|j| whis get the
|j| EROTIC BARBER
|
|t:|1711936837
|switch|p2a: Bisharp|Bisharp, F|100/100
|-item|p2a: Bisharp|Air Balloon
|move|p1a: Weavile|Triple Axel|p2a: Bisharp
|-resisted|p2a: Bisharp
|-damage|p2a: Bisharp|91/100
|-enditem|p2a: Bisharp|Air Balloon
|-resisted|p2a: Bisharp
|-crit|p2a: Bisharp
|-damage|p2a: Bisharp|62/100
|-resisted|p2a: Bisharp
|-damage|p2a: Bisharp|34/100
|-hitcount|p2a: Bisharp|3
|
|upkeep
|turn|2
|l| EROTIC BARBER
|
|t:|1711936846
|move|p1a: Weavile|Triple Axel|p2a: Bisharp
|-resisted|p2a: Bisharp
|-damage|p2a: Bisharp|25/100
|-resisted|p2a: Bisharp
|-damage|p2a: Bisharp|7/100
|-resisted|p2a: Bisharp
|-damage|p2a: Bisharp|0 fnt
|faint|p2a: Bisharp
|-hitcount|p2: Bisharp|3
|
|upkeep
|l| whis get the
|j| nudili
|
|t:|1711936849
|switch|p2a: Blacephalon|Blacephalon|100/100
|turn|3
|l| nudili
|j| BEAAKVOLT
|inactive|outz u has 270 seconds left.
|j| EROTIC BARBER
|j| whis get the
|
|t:|1711936884
|switch|p1a: Toxapex|Toxapex, F|100/100
|move|p2a: Blacephalon|Shadow Ball|p1a: Toxapex
|-damage|p1a: Toxapex|45/100
|-unboost|p1a: Toxapex|spd|1
|-enditem|p1a: Toxapex|Eject Button
|
|t:|1711936887
|switch|p1a: Weavile|Weavile, F|100/100
|-ability|p1a: Weavile|Pressure
|
|upkeep
|turn|4
|l| EROTIC BARBER
|inactive|outz u has 270 seconds left.
|
|t:|1711936904
|move|p1a: Weavile|Triple Axel|p2a: Blacephalon
|-resisted|p2a: Blacephalon
|-damage|p2a: Blacephalon|85/100
|-resisted|p2a: Blacephalon
|-damage|p2a: Blacephalon|52/100
|-resisted|p2a: Blacephalon
|-damage|p2a: Blacephalon|3/100
|-hitcount|p2a: Blacephalon|3
|move|p2a: Blacephalon|Shadow Ball|p1a: Weavile
|-resisted|p1a: Weavile
|-damage|p1a: Weavile|48/100
|
|upkeep
|turn|5
|
|t:|1711936910
|move|p1a: Weavile|Triple Axel|p2a: Blacephalon
|-resisted|p2a: Blacephalon
|-damage|p2a: Blacephalon|0 fnt
|faint|p2a: Blacephalon
|-hitcount|p2: Blacephalon|1
|
|upkeep
|l| whis get the
|j| whis get the
|inactive|orasz soviet has 270 seconds left.
|j| EROTIC BARBER
|l| whis get the
|inactive|orasz soviet has 240 seconds left.
|l| EROTIC BARBER
|
|t:|1711936976
|switch|p2a: Azumarill|Azumarill, F|100/100
|turn|6
|inactive|orasz soviet has 240 seconds left.
|j| whis get the
|
|t:|1711936985
|move|p1a: Weavile|Triple Axel|p2a: Azumarill
|-resisted|p2a: Azumarill
|-damage|p2a: Azumarill|92/100
|-resisted|p2a: Azumarill
|-damage|p2a: Azumarill|75/100
|-resisted|p2a: Azumarill
|-damage|p2a: Azumarill|48/100
|-enditem|p2a: Azumarill|Sitrus Berry|[eat]
|-heal|p2a: Azumarill|73/100|[from] item: Sitrus Berry
|-hitcount|p2a: Azumarill|3
|move|p2a: Azumarill|Belly Drum|p2a: Azumarill
|-damage|p2a: Azumarill|23/100
|-setboost|p2a: Azumarill|atk|6|[from] move: Belly Drum
|
|upkeep
|turn|7
|l| whis get the
|j| EROTIC BARBER
|j| whis get the
|inactive|outz u has 270 seconds left.
|inactive|orasz soviet has 240 seconds left.
|l| EROTIC BARBER
|l| whis get the
|inactive|outz u has 240 seconds left.
|j| whis get the
|l| whis get the
|inactive|orasz soviet has 210 seconds left.
|inactive|outz u has 210 seconds left.
|inactive|outz u has 180 seconds left.
|
|t:|1711937123
|switch|p1a: Zapdos|Zapdos|100/100
|-ability|p1a: Zapdos|Pressure
|move|p2a: Azumarill|Knock Off|p1a: Zapdos
|-damage|p1a: Zapdos|0 fnt
|-enditem|p1a: Zapdos|Metronome|[from] move: Knock Off|[of] p2a: Azumarill
|faint|p1a: Zapdos
|
|upkeep
|j| EROTIC BARBER
|
|t:|1711937137
|switch|p1a: Scizor|Scizor, F|100/100
|turn|8
|l| EROTIC BARBER
|
|t:|1711937141
|switch|p2a: Excadrill|Excadrill, M|100/100
|-ability|p2a: Excadrill|Mold Breaker
|move|p1a: Scizor|Bullet Punch|p2a: Excadrill
|-resisted|p2a: Excadrill
|-damage|p2a: Excadrill|82/100
|
|upkeep
|turn|9
|
|t:|1711937148
|move|p2a: Excadrill|Stealth Rock|p1a: Scizor
|-sidestart|p1: outz u|move: Stealth Rock
|move|p1a: Scizor|U-turn|p2a: Excadrill
|-resisted|p2a: Excadrill
|-damage|p2a: Excadrill|60/100
|j| EROTIC BARBER
|l| EROTIC BARBER
|
|t:|1711937167
|switch|p1a: Landorus|Landorus-Therian, M|100/100|[from] U-turn
|-damage|p1a: Landorus|88/100|[from] Stealth Rock
|-ability|p1a: Landorus|Intimidate|boost
|-unboost|p2a: Excadrill|atk|1
|
|-heal|p1a: Landorus|94/100|[from] item: Leftovers
|upkeep
|turn|10
|inactive|orasz soviet has 240 seconds left.
|j| whis get the
|
|t:|1711937196
|switch|p2a: Ribombee|Ribombee, M|100/100
|move|p1a: Landorus|Defog|p2a: Ribombee
|-unboost|p2a: Ribombee|evasion|1
|-sideend|p1: outz u|Stealth Rock|[from] move: Defog|[of] p1a: Landorus
|
|-heal|p1a: Landorus|99/100|[from] item: Leftovers
|upkeep
|turn|11
|l| whis get the
|l| BEAAKVOLT
|inactive|outz u has 150 seconds left.
|j| whis get the
|j| BEAAKVOLT
|j| EROTIC BARBER
|inactive|orasz soviet has 210 seconds left.
|l| whis get the
|l| EROTIC BARBER
|
|t:|1711937247
|move|p2a: Ribombee|Sticky Web|p1a: Landorus
|-sidestart|p1: outz u|move: Sticky Web
|move|p1a: Landorus|Toxic|p2a: Ribombee
|-status|p2a: Ribombee|tox
|
|-heal|p1a: Landorus|100/100|[from] item: Leftovers
|-damage|p2a: Ribombee|94/100 tox|[from] psn
|upkeep
|turn|12
|inactive|outz u has 150 seconds left.
|
|t:|1711937260
|move|p2a: Ribombee|Moonblast|p1a: Landorus
|-damage|p1a: Landorus|68/100
|move|p1a: Landorus|Earthquake|p2a: Ribombee
|-resisted|p2a: Ribombee
|-damage|p2a: Ribombee|48/100 tox
|
|-heal|p1a: Landorus|74/100|[from] item: Leftovers
|-damage|p2a: Ribombee|36/100 tox|[from] psn
|upkeep
|turn|13
|
|t:|1711937267
|move|p2a: Ribombee|Moonblast|p1a: Landorus
|-damage|p1a: Landorus|44/100
|move|p1a: Landorus|Defog|p2a: Ribombee
|-unboost|p2a: Ribombee|evasion|1
|-sideend|p1: outz u|Sticky Web|[from] move: Defog|[of] p1a: Landorus
|
|-heal|p1a: Landorus|50/100|[from] item: Leftovers
|-damage|p2a: Ribombee|18/100 tox|[from] psn
|upkeep
|turn|14
|
|t:|1711937277
|move|p2a: Ribombee|Moonblast|p1a: Landorus
|-damage|p1a: Landorus|19/100
|move|p1a: Landorus|Defog|p2a: Ribombee
|-unboost|p2a: Ribombee|evasion|1
|
|-heal|p1a: Landorus|25/100|[from] item: Leftovers
|-damage|p2a: Ribombee|0 fnt|[from] psn
|faint|p2a: Ribombee
|upkeep
|j| whis get the
|inactive|orasz soviet has 210 seconds left.
|
|t:|1711937303
|switch|p2a: Azumarill|Azumarill, F|23/100
|turn|15
|
|t:|1711937318
|switch|p1a: Toxapex|Toxapex, F|78/100
|move|p2a: Azumarill|Aqua Jet|p1a: Toxapex
|-resisted|p1a: Toxapex
|-damage|p1a: Toxapex|69/100
|
|upkeep
|turn|16
|l| whis get the
|
|t:|1711937324
|move|p2a: Azumarill|Knock Off|p1a: Toxapex
|-damage|p1a: Toxapex|51/100
|move|p1a: Toxapex|Scald|p2a: Azumarill
|-resisted|p2a: Azumarill
|-damage|p2a: Azumarill|14/100
|
|upkeep
|turn|17
|
|t:|1711937328
|move|p2a: Azumarill|Knock Off|p1a: Toxapex
|-damage|p1a: Toxapex|33/100
|move|p1a: Toxapex|Recover|p1a: Toxapex
|-heal|p1a: Toxapex|83/100
|
|upkeep
|turn|18
|inactive|outz u has 180 seconds left.
|
|t:|1711937369
|switch|p2a: Excadrill|Excadrill, M|60/100
|-ability|p2a: Excadrill|Mold Breaker
|move|p1a: Toxapex|Scald|p2a: Excadrill
|-supereffective|p2a: Excadrill
|-damage|p2a: Excadrill|22/100
|
|upkeep
|turn|19
|inactive|outz u has 150 seconds left.
|
|t:|1711937395
|switch|p1a: Landorus|Landorus-Therian, M|25/100
|-ability|p1a: Landorus|Intimidate|boost
|-unboost|p2a: Excadrill|atk|1
|move|p2a: Excadrill|Stealth Rock|p1a: Landorus
|-sidestart|p1: outz u|move: Stealth Rock
|
|-heal|p1a: Landorus|31/100|[from] item: Leftovers
|upkeep
|turn|20
|
|t:|1711937404
|move|p2a: Excadrill|Rock Tomb|p1a: Landorus
|-damage|p1a: Landorus|17/100
|-unboost|p1a: Landorus|spe|1
|move|p1a: Landorus|Defog|p2a: Excadrill
|-unboost|p2a: Excadrill|evasion|1
|-sideend|p1: outz u|Stealth Rock|[from] move: Defog|[of] p1a: Landorus
|
|-heal|p1a: Landorus|23/100|[from] item: Leftovers
|upkeep
|turn|21
|inactive|outz u has 150 seconds left.
|
|t:|1711937409
|move|p2a: Excadrill|Stealth Rock|p1a: Landorus
|-sidestart|p1: outz u|move: Stealth Rock
|move|p1a: Landorus|Defog|p2a: Excadrill
|-unboost|p2a: Excadrill|evasion|1
|-sideend|p1: outz u|Stealth Rock|[from] move: Defog|[of] p1a: Landorus
|
|-heal|p1a: Landorus|29/100|[from] item: Leftovers
|upkeep
|turn|22
|
|t:|1711937415
|move|p2a: Excadrill|Stealth Rock|p1a: Landorus
|-sidestart|p1: outz u|move: Stealth Rock
|move|p1a: Landorus|Defog|p2a: Excadrill
|-unboost|p2a: Excadrill|evasion|1
|-sideend|p1: outz u|Stealth Rock|[from] move: Defog|[of] p1a: Landorus
|
|-heal|p1a: Landorus|35/100|[from] item: Leftovers
|upkeep
|turn|23
|
|t:|1711937418
|move|p2a: Excadrill|Rock Tomb|p1a: Landorus
|-damage|p1a: Landorus|20/100
|-unboost|p1a: Landorus|spe|1
|move|p1a: Landorus|Defog|p2a: Excadrill
|-unboost|p2a: Excadrill|evasion|1
|
|-heal|p1a: Landorus|26/100|[from] item: Leftovers
|upkeep
|turn|24
|
|t:|1711937421
|move|p2a: Excadrill|Rock Tomb|p1a: Landorus
|-damage|p1a: Landorus|12/100
|-unboost|p1a: Landorus|spe|1
|move|p1a: Landorus|Defog|p2a: Excadrill
|-unboost|p2a: Excadrill|evasion|1
|
|-heal|p1a: Landorus|18/100|[from] item: Leftovers
|upkeep
|turn|25
|
|t:|1711937425
|move|p2a: Excadrill|Rock Tomb|p1a: Landorus
|-damage|p1a: Landorus|4/100
|-unboost|p1a: Landorus|spe|1
|move|p1a: Landorus|U-turn|p2a: Excadrill
|-resisted|p2a: Excadrill
|-damage|p2a: Excadrill|7/100
|
|t:|1711937427
|switch|p1a: Weavile|Weavile, F|48/100|[from] U-turn
|-ability|p1a: Weavile|Pressure
|
|upkeep
|turn|26
|inactive|outz u has 180 seconds left.
|
|t:|1711937460
|move|p1a: Weavile|Ice Shard|p2a: Excadrill
|-damage|p2a: Excadrill|0 fnt
|faint|p2a: Excadrill
|
|upkeep
|
|t:|1711937466
|switch|p2a: Kommo-o|Kommo-o, F|100/100
|turn|27
|inactive|outz u has 180 seconds left.
|
|t:|1711937475
|move|p1a: Weavile|Ice Shard|p2a: Kommo-o
|-supereffective|p2a: Kommo-o
|-damage|p2a: Kommo-o|46/100
|move|p2a: Kommo-o|Flamethrower|p1a: Weavile
|-supereffective|p1a: Weavile
|-damage|p1a: Weavile|0 fnt
|faint|p1a: Weavile
|
|upkeep
|inactive|outz u has 180 seconds left.
|
|t:|1711937483
|switch|p1a: Slowking|Slowking-Galar, F|100/100
|turn|28
|
|t:|1711937487
|switch|p2a: Azumarill|Azumarill, F|14/100
|move|p1a: Slowking|Future Sight|p2a: Azumarill
|-start|p1a: Slowking|move: Future Sight
|
|upkeep
|turn|29
|c|☆outz u|gg
|
|t:|1711937498
|switch|p1a: Toxapex|Toxapex, F|100/100
|move|p2a: Azumarill|Knock Off|p1a: Toxapex
|-damage|p1a: Toxapex|83/100
|
|upkeep
|turn|30
|
|t:|1711937506
|switch|p1a: Landorus|Landorus-Therian, M|4/100
|-ability|p1a: Landorus|Intimidate|boost
|-unboost|p2a: Azumarill|atk|1
|move|p2a: Azumarill|Knock Off|p1a: Landorus
|-damage|p1a: Landorus|0 fnt
|-enditem|p1a: Landorus|Leftovers|[from] move: Knock Off|[of] p2a: Azumarill
|faint|p1a: Landorus
|
|-end|p2a: Azumarill|move: Future Sight
|-damage|p2a: Azumarill|0 fnt
|faint|p2a: Azumarill
|upkeep
|
|t:|1711937510
|switch|p2a: Kommo-o|Kommo-o, F|46/100
|switch|p1a: Slowking|Slowking-Galar, F|100/100
|turn|31
|
|t:|1711937512
|move|p2a: Kommo-o|Clangorous Soul|p2a: Kommo-o
|-boost|p2a: Kommo-o|atk|1
|-boost|p2a: Kommo-o|def|1
|-boost|p2a: Kommo-o|spa|1
|-boost|p2a: Kommo-o|spd|1
|-boost|p2a: Kommo-o|spe|1
|-damage|p2a: Kommo-o|13/100
|-enditem|p2a: Kommo-o|Throat Spray
|-boost|p2a: Kommo-o|spa|1|[from] item: Throat Spray
|move|p1a: Slowking|Future Sight|p2a: Kommo-o
|-start|p1a: Slowking|move: Future Sight
|
|upkeep
|turn|32
|
|t:|1711937521
|move|p2a: Kommo-o|Clanging Scales|p1a: Slowking
|-damage|p1a: Slowking|48/100
|-unboost|p2a: Kommo-o|def|1
|move|p1a: Slowking|Earthquake|p2a: Kommo-o
|-damage|p2a: Kommo-o|0 fnt
|faint|p2a: Kommo-o
|
|win|outz u
|l|☆orasz soviet
|player|p2|
