{"id":"gen8ou-2093194533","format":"[Gen 8] OU","players":["pulsar512b","Death2thewest"],"log":"|j|\u2606pulsar512b\n|j|\u2606Death2thewest\n|t:|1711923611\n|gametype|singles\n|player|p1|pulsar512b|acetrainersnowf|\n|player|p2|Death2thewest|#death2thewest|\n|teamsize|p1|6\n|teamsize|p2|6\n|gen|8\n|tier|[Gen 8] OU\n|rule|Sleep Clause Mod: Limit one foe put to sleep\n|rule|Species Clause: Limit one of each Pok\u00e9mon\n|rule|OHKO Clause: OHKO moves are banned\n|rule|Evasion Items Clause: Evasion items are banned\n|rule|Evasion Moves Clause: Evasion moves are banned\n|rule|Endless Battle Clause: Forcing endless battles is banned\n|rule|HP Percentage Mod: HP is shown in percentages\n|rule|Dynamax Clause: You cannot dynamax\n|clearpoke\n|poke|p1|Clefable, M|\n|poke|p1|Hippowdon, M|\n|poke|p1|Rotom-Wash|\n|poke|p1|Corviknight, F|\n|poke|p1|Tapu Lele|\n|poke|p1|Dragapult, F|\n|poke|p2|Mew|\n|poke|p2|Cinderace, M|\n|poke|p2|Kartana|\n|poke|p2|Bisharp, M|\n|poke|p2|Tapu Fini|\n|poke|p2|Garchomp, M|\n|teampreview\n|c|\u2606Death2thewest|Glhf\n|c|\u2606pulsar512b|u2\n|c|\u2606Death2thewest|Sorry if I dc my net is shit\n|c|\u2606pulsar512b|allg\n|\n|t:|1711923695\n|start\n|switch|p1a: Dragapult|Dragapult, F|100\/100\n|switch|p2a: Bisharp|Bisharp, M, shiny|100\/100\n|-item|p2a: Bisharp|Air Balloon\n|turn|1\n|\n|t:|1711923718\n|switch|p1a: Corviknight|Corviknight, F|100\/100\n|-ability|p1a: Corviknight|Pressure\n|move|p2a: Bisharp|Knock Off|p1a: Corviknight\n|-damage|p1a: Corviknight|69\/100\n|-enditem|p1a: Corviknight|Leftovers|[from] move: Knock Off|[of] p2a: Bisharp\n|\n|upkeep\n|turn|2\n|\n|t:|1711923727\n|switch|p2a: Mew|Mew|100\/100\n|move|p1a: Corviknight|U-turn|p2a: Mew\n|-supereffective|p2a: Mew\n|-damage|p2a: Mew|75\/100\n|\n|t:|1711923731\n|switch|p1a: Dragapult|Dragapult, F|100\/100|[from] U-turn\n|\n|upkeep\n|turn|3\n|\n|t:|1711923747\n|move|p1a: Dragapult|U-turn|p2a: Mew\n|-supereffective|p2a: Mew\n|-damage|p2a: Mew|46\/100\n|\n|t:|1711923751\n|switch|p1a: Tapu Lele|Tapu Lele|100\/100|[from] U-turn\n|-fieldstart|move: Psychic Terrain|[from] ability: Psychic Surge|[of] p1a: Tapu Lele\n|move|p2a: Mew|Stealth Rock|p1a: Tapu Lele\n|-sidestart|p1: pulsar512b|move: Stealth Rock\n|\n|upkeep\n|turn|4\n|\n|t:|1711923774\n|move|p2a: Mew|Spikes|p1a: Tapu Lele\n|-sidestart|p1: pulsar512b|Spikes\n|move|p1a: Tapu Lele|Moonblast|p2a: Mew\n|-damage|p2a: Mew|0 fnt\n|faint|p2a: Mew\n|\n|upkeep\n|\n|t:|1711923818\n|switch|p2a: Cinderace|Cinderace, M|100\/100\n|turn|5\n|\n|t:|1711923853\n|switch|p1a: Dragapult|Dragapult, F|100\/100\n|-damage|p1a: Dragapult|88\/100|[from] Stealth Rock\n|-damage|p1a: Dragapult|76\/100|[from] Spikes\n|move|p2a: Cinderace|Gunk Shot|p1a: Dragapult\n|-start|p2a: Cinderace|typechange|Poison|[from] ability: Libero\n|-resisted|p1a: Dragapult\n|-damage|p1a: Dragapult|34\/100\n|-status|p1a: Dragapult|psn\n|\n|-damage|p1a: Dragapult|22\/100 psn|[from] psn\n|upkeep\n|turn|6\n|\n|t:|1711923885\n|move|p2a: Cinderace|Sucker Punch|p1a: Dragapult\n|-start|p2a: Cinderace|typechange|Dark|[from] ability: Libero\n|-activate|p1a: Dragapult|move: Psychic Terrain\n|move|p1a: Dragapult|Shadow Ball|p2a: Cinderace\n|-resisted|p2a: Cinderace\n|-damage|p2a: Cinderace|64\/100\n|\n|-heal|p2a: Cinderace|70\/100|[from] item: Leftovers\n|-damage|p1a: Dragapult|10\/100 psn|[from] psn\n|upkeep\n|turn|7\n|c|\u2606Death2thewest|Lmao\n|c|\u2606Death2thewest|I'm too tired to be playing mons rn\n|c|\u2606Death2thewest|But I shall persevere!\n|\n|t:|1711923941\n|move|p1a: Dragapult|Shadow Ball|p2a: Cinderace\n|-resisted|p2a: Cinderace\n|-damage|p2a: Cinderace|33\/100\n|move|p2a: Cinderace|Pyro Ball|p1a: Dragapult\n|-start|p2a: Cinderace|typechange|Fire|[from] ability: Libero\n|-resisted|p1a: Dragapult\n|-damage|p1a: Dragapult|0 fnt\n|faint|p1a: Dragapult\n|\n|-heal|p2a: Cinderace|39\/100|[from] item: Leftovers\n|-fieldend|move: Psychic Terrain\n|upkeep\n|\n|t:|1711923959\n|switch|p1a: Rotom|Rotom-Wash|100\/100\n|-damage|p1a: Rotom|88\/100|[from] Stealth Rock\n|turn|8\n|\n|t:|1711924022\n|switch|p2a: Garchomp|Garchomp, M|100\/100\n|move|p1a: Rotom|Volt Switch|p2a: Garchomp\n|-immune|p2a: Garchomp\n|\n|-heal|p1a: Rotom|94\/100|[from] item: Leftovers\n|upkeep\n|turn|9\n|\n|t:|1711924059\n|move|p2a: Garchomp|Swords Dance|p2a: Garchomp\n|-boost|p2a: Garchomp|atk|2\n|move|p1a: Rotom|Will-O-Wisp|p2a: Garchomp\n|-status|p2a: Garchomp|brn\n|-enditem|p2a: Garchomp|Lum Berry|[eat]\n|-curestatus|p2a: Garchomp|brn|[msg]\n|\n|-heal|p1a: Rotom|99\/100|[from] item: Leftovers\n|upkeep\n|turn|10\n|c|\u2606pulsar512b|punished...\n|\n|t:|1711924082\n|move|p2a: Garchomp|Scale Shot|p1a: Rotom\n|-damage|p1a: Rotom|78\/100\n|-damage|p1a: Rotom|56\/100\n|-damage|p1a: Rotom|33\/100\n|-damage|p1a: Rotom|11\/100\n|-damage|p1a: Rotom|0 fnt\n|faint|p1a: Rotom\n|-hitcount|p1: Rotom|5\n|-unboost|p2a: Garchomp|def|1\n|-boost|p2a: Garchomp|spe|1\n|\n|upkeep\n|\n|t:|1711924090\n|switch|p1a: Clefable|Clefable, M|100\/100\n|turn|11\n|\n|t:|1711924105\n|move|p2a: Garchomp|Earthquake|p1a: Clefable\n|-damage|p1a: Clefable|16\/100\n|move|p1a: Clefable|Moonblast|p2a: Garchomp\n|-supereffective|p2a: Garchomp\n|-damage|p2a: Garchomp|26\/100\n|-unboost|p2a: Garchomp|spa|1\n|\n|upkeep\n|turn|12\n|\n|t:|1711924118\n|move|p2a: Garchomp|Earthquake|p1a: Clefable\n|-damage|p1a: Clefable|0 fnt\n|faint|p1a: Clefable\n|\n|upkeep\n|\n|t:|1711924120\n|switch|p1a: Corviknight|Corviknight, F|69\/100\n|-damage|p1a: Corviknight|57\/100|[from] Stealth Rock\n|-ability|p1a: Corviknight|Pressure\n|turn|13\n|\n|t:|1711924132\n|move|p2a: Garchomp|Aqua Tail|p1a: Corviknight|[miss]\n|-miss|p2a: Garchomp|p1a: Corviknight\n|move|p1a: Corviknight|Body Press|p2a: Garchomp\n|-damage|p2a: Garchomp|0 fnt\n|-damage|p1a: Corviknight|45\/100|[from] ability: Rough Skin|[of] p2a: Garchomp\n|faint|p2a: Garchomp\n|\n|upkeep\n|\n|t:|1711924158\n|switch|p2a: Cinderace|Cinderace, M|39\/100\n|turn|14\n|\n|t:|1711924163\n|switch|p1a: Tapu Lele|Tapu Lele|100\/100\n|-damage|p1a: Tapu Lele|88\/100|[from] Stealth Rock\n|-damage|p1a: Tapu Lele|76\/100|[from] Spikes\n|-fieldstart|move: Psychic Terrain|[from] ability: Psychic Surge|[of] p1a: Tapu Lele\n|move|p2a: Cinderace|Pyro Ball|p1a: Tapu Lele\n|-damage|p1a: Tapu Lele|0 fnt\n|faint|p1a: Tapu Lele\n|\n|-heal|p2a: Cinderace|45\/100|[from] item: Leftovers\n|upkeep\n|\n|t:|1711924166\n|switch|p1a: Hippowdon|Hippowdon, M|100\/100\n|-damage|p1a: Hippowdon|94\/100|[from] Stealth Rock\n|-damage|p1a: Hippowdon|82\/100|[from] Spikes\n|-weather|Sandstorm|[from] ability: Sand Stream|[of] p1a: Hippowdon\n|turn|15\n|\n|t:|1711924193\n|switch|p2a: Bisharp|Bisharp, M, shiny|100\/100\n|-item|p2a: Bisharp|Air Balloon\n|switch|p1a: Corviknight|Corviknight, F|45\/100\n|-damage|p1a: Corviknight|33\/100|[from] Stealth Rock\n|-ability|p1a: Corviknight|Pressure\n|\n|-weather|Sandstorm|[upkeep]\n|upkeep\n|turn|16\n|\n|t:|1711924230\n|switch|p2a: Tapu Fini|Tapu Fini|100\/100\n|-fieldstart|move: Misty Terrain|[from] ability: Misty Surge|[of] p2a: Tapu Fini\n|move|p1a: Corviknight|Roost|p1a: Corviknight\n|-heal|p1a: Corviknight|83\/100\n|-singleturn|p1a: Corviknight|move: Roost\n|\n|-weather|Sandstorm|[upkeep]\n|-damage|p2a: Tapu Fini|94\/100|[from] Sandstorm\n|-heal|p2a: Tapu Fini|100\/100|[from] item: Leftovers\n|upkeep\n|turn|17\n|\n|t:|1711924240\n|move|p2a: Tapu Fini|Calm Mind|p2a: Tapu Fini\n|-boost|p2a: Tapu Fini|spa|1\n|-boost|p2a: Tapu Fini|spd|1\n|move|p1a: Corviknight|Defog|p2a: Tapu Fini\n|-unboost|p2a: Tapu Fini|evasion|1\n|-sideend|p1: pulsar512b|Spikes|[from] move: Defog|[of] p1a: Corviknight\n|-sideend|p1: pulsar512b|Stealth Rock|[from] move: Defog|[of] p1a: Corviknight\n|-fieldend|Misty Terrain\n|\n|-weather|Sandstorm|[upkeep]\n|-damage|p2a: Tapu Fini|94\/100|[from] Sandstorm\n|-heal|p2a: Tapu Fini|100\/100|[from] item: Leftovers\n|upkeep\n|turn|18\n|-message|pulsar512b forfeited.\n|\n|win|Death2thewest\n|c|\u2606Death2thewest|Gg\n|c|\u2606pulsar512b|gg\n|j| Spammernoob\n|l|\u2606pulsar512b\n|player|p1|\n","uploadtime":1711924251,"views":26,"formatid":"gen8ou","rating":null,"private":0,"password":null}