|j|☆ban drizzle lol@!
|j|☆theironpikachu
|inactive|Battle timer is ON: inactive players will automatically lose when time's up.
|t:|1711931184
|gametype|singles
|player|p1|ban drizzle lol|youngn|
|player|p2|theironpikachu|may-masters|
|teamsize|p1|6
|teamsize|p2|6
|gen|9
|tier|[Gen 9] Almost Any Ability
|rated|Tournament battle
|rule|Species Clause: Limit one of each Pokémon
|rule|OHKO Clause: OHKO moves are banned
|rule|Evasion Moves Clause: Evasion moves are banned
|rule|Endless Battle Clause: Forcing endless battles is banned
|rule|HP Percentage Mod: HP is shown in percentages
|rule|1 Ability Clause: Limit 1 of each ability
|rule|Sleep Moves Clause: Sleep-inducing moves are banned
|rule|Terastal Clause: You cannot Terastallize
|clearpoke
|poke|p1|Hippowdon, F|
|poke|p1|Corviknight, F|
|poke|p1|Muk-Alola, F|
|poke|p1|Moltres|
|poke|p1|Slither Wing|
|poke|p1|Gholdengo|
|poke|p2|Dragonite, M|
|poke|p2|Corviknight, M|
|poke|p2|Zamazenta-*|
|poke|p2|Manaphy|
|poke|p2|Great Tusk|
|poke|p2|Greninja-*, F|
|teampreview
|j| BB-8-NU
|j|*Lady Monita ❆
|inactive|theironpikachu also wants the timer to be on.
|j| justchilln29
|c|☆theironpikachu|glhf
|j| skierdude101
|j|%DanDaMan99
|j| ryus0ken
|c|☆ban drizzle lol|u2
|l|%DanDaMan99
|j| Novax_Og
|j|+gewwge
|
|t:|1711931201
|start
|switch|p1a: Slither Wing|Slither Wing|100/100
|switch|p2a: Great Tusk|Great Tusk|100/100
|turn|1
|j| ValhallaAsgardian
|
|t:|1711931219
|move|p2a: Great Tusk|Stealth Rock|p1a: Slither Wing
|-sidestart|p1: ban drizzle lol|move: Stealth Rock
|move|p1a: Slither Wing|U-turn|p2a: Great Tusk
|-resisted|p2a: Great Tusk
|-damage|p2a: Great Tusk|79/100
|
|t:|1711931225
|switch|p1a: Corviknight|Corviknight, F|100/100|[from] U-turn
|-damage|p1a: Corviknight|88/100|[from] Stealth Rock
|-ability|p1a: Corviknight|Intimidate|boost
|-unboost|p2a: Great Tusk|atk|1
|
|-heal|p2a: Great Tusk|86/100|[from] item: Leftovers
|-heal|p1a: Corviknight|94/100|[from] item: Leftovers
|upkeep
|turn|2
|
|t:|1711931248
|move|p2a: Great Tusk|Knock Off|p1a: Corviknight
|-damage|p1a: Corviknight|81/100
|-enditem|p1a: Corviknight|Leftovers|[from] move: Knock Off|[of] p2a: Great Tusk
|move|p1a: Corviknight|Defog|p2a: Great Tusk
|-unboost|p2a: Great Tusk|evasion|1
|-sideend|p1: ban drizzle lol|Stealth Rock|[from] move: Defog|[of] p1a: Corviknight
|
|-heal|p2a: Great Tusk|92/100|[from] item: Leftovers
|upkeep
|turn|3
|
|t:|1711931255
|switch|p2a: Corviknight|Corviknight, M|100/100
|-ability|p2a: Corviknight|Intimidate|boost
|-unboost|p1a: Corviknight|atk|1
|move|p1a: Corviknight|U-turn|p2a: Corviknight
|-resisted|p2a: Corviknight
|-damage|p2a: Corviknight|99/100
|-damage|p1a: Corviknight|65/100|[from] item: Rocky Helmet|[of] p2a: Corviknight
|
|t:|1711931260
|switch|p1a: Moltres|Moltres|100/100|[from] U-turn
|
|upkeep
|turn|4
|
|t:|1711931270
|switch|p2a: Manaphy|Manaphy|100/100
|move|p1a: Moltres|Brave Bird|p2a: Manaphy
|-damage|p2a: Manaphy|44/100
|
|upkeep
|turn|5
|
|t:|1711931279
|switch|p2a: Corviknight|Corviknight, M|99/100
|-ability|p2a: Corviknight|Intimidate|boost
|-unboost|p1a: Moltres|atk|1
|move|p1a: Moltres|Will-O-Wisp|p2a: Corviknight
|-status|p2a: Corviknight|brn
|
|-damage|p2a: Corviknight|93/100 brn|[from] brn
|upkeep
|turn|6
|
|t:|1711931300
|switch|p1a: Corviknight|Corviknight, F|65/100
|-ability|p1a: Corviknight|Intimidate|boost
|-unboost|p2a: Corviknight|atk|1
|move|p2a: Corviknight|U-turn|p1a: Corviknight
|-resisted|p1a: Corviknight
|-damage|p1a: Corviknight|64/100
|j| ThePlumber7
|l| ThePlumber7
|inactive|theironpikachu has 120 seconds left.
|
|t:|1711931328
|switch|p2a: Greninja|Greninja, F|100/100|[from] U-turn
|
|upkeep
|turn|7
|j|@Jadino
|
|t:|1711931341
|switch|p1a: Muk|Muk-Alola, F|100/100
|move|p2a: Greninja|Hydro Pump|p1a: Muk
|-damage|p1a: Muk|75/100
|-damage|p2a: Greninja|91/100|[from] item: Life Orb
|
|upkeep
|turn|8
|j| BloodAce
|
|t:|1711931357
|move|p2a: Greninja|U-turn|p1a: Muk
|-damage|p1a: Muk|57/100
|-damage|p2a: Greninja|81/100|[from] item: Life Orb
|
|t:|1711931366
|switch|p2a: Zamazenta|Zamazenta|100/100|[from] U-turn
|-ability|p2a: Zamazenta|Sword of Ruin
|move|p1a: Muk|Knock Off|p2a: Zamazenta
|-resisted|p2a: Zamazenta
|-damage|p2a: Zamazenta|85/100
|-enditem|p2a: Zamazenta|Choice Band|[from] move: Knock Off|[of] p1a: Muk
|
|upkeep
|turn|9
|l| BloodAce
|
|t:|1711931383
|switch|p1a: Corviknight|Corviknight, F|64/100
|-ability|p1a: Corviknight|Intimidate|boost
|-unboost|p2a: Zamazenta|atk|1
|move|p2a: Zamazenta|Close Combat|p1a: Corviknight
|-damage|p1a: Corviknight|33/100
|-unboost|p2a: Zamazenta|def|1
|-unboost|p2a: Zamazenta|spd|1
|
|upkeep
|turn|10
|
|t:|1711931394
|move|p2a: Zamazenta|Close Combat|p1a: Corviknight
|-damage|p1a: Corviknight|1/100
|-unboost|p2a: Zamazenta|def|1
|-unboost|p2a: Zamazenta|spd|1
|move|p1a: Corviknight|Roost|p1a: Corviknight
|-heal|p1a: Corviknight|51/100
|-singleturn|p1a: Corviknight|move: Roost
|
|upkeep
|turn|11
|
|t:|1711931400
|switch|p2a: Corviknight|Corviknight, M|93/100 brn
|-ability|p2a: Corviknight|Intimidate|boost
|-unboost|p1a: Corviknight|atk|1
|move|p1a: Corviknight|Roost|p1a: Corviknight
|-heal|p1a: Corviknight|100/100
|-singleturn|p1a: Corviknight|move: Roost
|
|-damage|p2a: Corviknight|87/100 brn|[from] brn
|upkeep
|turn|12
|
|t:|1711931409
|move|p2a: Corviknight|U-turn|p1a: Corviknight
|-resisted|p1a: Corviknight
|-damage|p1a: Corviknight|99/100
|inactive|theironpikachu has 120 seconds left.
|
|t:|1711931421
|switch|p2a: Manaphy|Manaphy|77/100|[from] U-turn
|move|p1a: Corviknight|U-turn|p2a: Manaphy
|-crit|p2a: Manaphy
|-damage|p2a: Manaphy|57/100
|
|t:|1711931426
|switch|p1a: Slither Wing|Slither Wing|100/100|[from] U-turn
|
|upkeep
|turn|13
|
|t:|1711931437
|switch|p2a: Great Tusk|Great Tusk|92/100
|move|p1a: Slither Wing|Close Combat|p2a: Great Tusk
|-damage|p2a: Great Tusk|56/100
|-unboost|p1a: Slither Wing|def|1
|-unboost|p1a: Slither Wing|spd|1
|
|-heal|p2a: Great Tusk|62/100|[from] item: Leftovers
|upkeep
|turn|14
|
|t:|1711931445
|switch|p1a: Corviknight|Corviknight, F|99/100
|-ability|p1a: Corviknight|Intimidate|boost
|-unboost|p2a: Great Tusk|atk|1
|move|p2a: Great Tusk|Knock Off|p1a: Corviknight
|-crit|p1a: Corviknight
|-damage|p1a: Corviknight|77/100
|
|-heal|p2a: Great Tusk|68/100|[from] item: Leftovers
|upkeep
|turn|15
|
|t:|1711931454
|move|p2a: Great Tusk|Stealth Rock|p1a: Corviknight
|-sidestart|p1: ban drizzle lol|move: Stealth Rock
|move|p1a: Corviknight|Brave Bird|p2a: Great Tusk
|-supereffective|p2a: Great Tusk
|-damage|p2a: Great Tusk|41/100
|-damage|p1a: Corviknight|69/100|[from] Recoil
|
|-heal|p2a: Great Tusk|47/100|[from] item: Leftovers
|upkeep
|turn|16
|
|t:|1711931457
|switch|p2a: Manaphy|Manaphy|90/100
|move|p1a: Corviknight|Defog|p2a: Manaphy
|-unboost|p2a: Manaphy|evasion|1
|-sideend|p1: ban drizzle lol|Stealth Rock|[from] move: Defog|[of] p1a: Corviknight
|
|upkeep
|turn|17
|
|t:|1711931463
|move|p2a: Manaphy|Scald|p1a: Corviknight
|-damage|p1a: Corviknight|40/100
|-status|p1a: Corviknight|brn
|move|p1a: Corviknight|Roost|p1a: Corviknight
|-heal|p1a: Corviknight|90/100 brn
|-singleturn|p1a: Corviknight|move: Roost
|
|-damage|p1a: Corviknight|84/100 brn|[from] brn
|upkeep
|turn|18
|
|t:|1711931469
|move|p2a: Manaphy|Knock Off|p1a: Corviknight
|-damage|p1a: Corviknight|75/100 brn
|move|p1a: Corviknight|U-turn|p2a: Manaphy
|-damage|p2a: Manaphy|84/100
|j| ThePlumber7
|
|t:|1711931483
|switch|p1a: Slither Wing|Slither Wing|100/100|[from] U-turn
|
|upkeep
|turn|19
|
|t:|1711931487
|switch|p2a: Corviknight|Corviknight, M|87/100 brn
|-ability|p2a: Corviknight|Intimidate|boost
|-unboost|p1a: Slither Wing|atk|1
|move|p1a: Slither Wing|Close Combat|p2a: Corviknight
|-damage|p2a: Corviknight|47/100 brn
|-unboost|p1a: Slither Wing|def|1
|-unboost|p1a: Slither Wing|spd|1
|-damage|p1a: Slither Wing|84/100|[from] item: Rocky Helmet|[of] p2a: Corviknight
|
|-damage|p2a: Corviknight|41/100 brn|[from] brn
|upkeep
|turn|20
|j|%DanDaMan99
|l|%DanDaMan99
|
|t:|1711931496
|move|p1a: Slither Wing|Close Combat|p2a: Corviknight
|-damage|p2a: Corviknight|0 fnt
|-unboost|p1a: Slither Wing|def|1
|-unboost|p1a: Slither Wing|spd|1
|-damage|p1a: Slither Wing|68/100|[from] item: Rocky Helmet|[of] p2a: Corviknight
|faint|p2a: Corviknight
|
|upkeep
|
|t:|1711931499
|switch|p2a: Dragonite|Dragonite, M|100/100
|turn|21
|
|t:|1711931506
|switch|p1a: Corviknight|Corviknight, F|75/100 brn
|-ability|p1a: Corviknight|Intimidate|boost
|-unboost|p2a: Dragonite|atk|1
|move|p2a: Dragonite|Extreme Speed|p1a: Corviknight
|-resisted|p1a: Corviknight
|-damage|p1a: Corviknight|59/100 brn
|-damage|p2a: Dragonite|91/100|[from] item: Life Orb
|
|-damage|p1a: Corviknight|53/100 brn|[from] brn
|upkeep
|turn|22
|l| ThePlumber7
|
|t:|1711931519
|move|p2a: Dragonite|Thunderbolt|p1a: Corviknight
|-supereffective|p1a: Corviknight
|-damage|p1a: Corviknight|0 fnt
|faint|p1a: Corviknight
|-damage|p2a: Dragonite|81/100|[from] item: Life Orb
|
|upkeep
|
|t:|1711931529
|switch|p1a: Hippowdon|Hippowdon, F|100/100
|turn|23
|
|t:|1711931539
|switch|p2a: Manaphy|Manaphy|100/100
|switch|p1a: Slither Wing|Slither Wing|68/100
|
|upkeep
|turn|24
|
|t:|1711931550
|move|p1a: Slither Wing|U-turn|p2a: Manaphy
|-damage|p2a: Manaphy|49/100
|l| Novax_Og
|
|t:|1711931557
|switch|p1a: Muk|Muk-Alola, F|90/100|[from] U-turn
|move|p2a: Manaphy|U-turn|p1a: Muk
|-damage|p1a: Muk|72/100
|
|t:|1711931573
|switch|p2a: Zamazenta|Zamazenta|85/100|[from] U-turn
|-ability|p2a: Zamazenta|Sword of Ruin
|
|upkeep
|turn|25
|j| bleahey
|
|t:|1711931595
|switch|p1a: Hippowdon|Hippowdon, F|100/100
|move|p2a: Zamazenta|Close Combat|p1a: Hippowdon
|-damage|p1a: Hippowdon|57/100
|-unboost|p2a: Zamazenta|def|1
|-unboost|p2a: Zamazenta|spd|1
|
|-heal|p1a: Hippowdon|63/100|[from] item: Leftovers
|upkeep
|turn|26
|j| PokeArt2004❤
|
|t:|1711931604
|switch|p2a: Manaphy|Manaphy|82/100
|move|p1a: Hippowdon|Slack Off|p1a: Hippowdon
|-heal|p1a: Hippowdon|100/100
|
|upkeep
|turn|27
|
|t:|1711931611
|switch|p1a: Gholdengo|Gholdengo|100/100
|move|p2a: Manaphy|Knock Off|p1a: Gholdengo
|-supereffective|p1a: Gholdengo
|-damage|p1a: Gholdengo|71/100
|-enditem|p1a: Gholdengo|Heavy-Duty Boots|[from] move: Knock Off|[of] p2a: Manaphy
|
|upkeep
|turn|28
|l| ValhallaAsgardian
|
|t:|1711931617
|move|p1a: Gholdengo|Nasty Plot|p1a: Gholdengo
|-boost|p1a: Gholdengo|spa|2
|move|p2a: Manaphy|U-turn|p1a: Gholdengo
|-resisted|p1a: Gholdengo
|-damage|p1a: Gholdengo|68/100
|
|t:|1711931626
|switch|p2a: Greninja|Greninja, F|81/100|[from] U-turn
|
|upkeep
|turn|29
|
|t:|1711931629
|move|p2a: Greninja|Dark Pulse|p1a: Gholdengo
|-supereffective|p1a: Gholdengo
|-damage|p1a: Gholdengo|0 fnt
|faint|p1a: Gholdengo
|
|upkeep
|
|t:|1711931633
|switch|p1a: Muk|Muk-Alola, F|100/100
|turn|30
|
|t:|1711931643
|move|p2a: Greninja|U-turn|p1a: Muk
|-damage|p1a: Muk|83/100
|-damage|p2a: Greninja|71/100|[from] item: Life Orb
|
|t:|1711931647
|switch|p2a: Manaphy|Manaphy|100/100|[from] U-turn
|move|p1a: Muk|Poison Fang|p2a: Manaphy
|-damage|p2a: Manaphy|86/100
|
|upkeep
|turn|31
|
|t:|1711931649
|move|p2a: Manaphy|Knock Off|p1a: Muk
|-resisted|p1a: Muk
|-damage|p1a: Muk|72/100
|-enditem|p1a: Muk|Assault Vest|[from] move: Knock Off|[of] p2a: Manaphy
|move|p1a: Muk|Poison Fang|p2a: Manaphy
|-damage|p2a: Manaphy|72/100
|-status|p2a: Manaphy|tox
|
|-damage|p2a: Manaphy|65/100 tox|[from] psn
|upkeep
|turn|32
|j| Novax_Og
|l| Novax_Og
|
|t:|1711931677
|move|p2a: Manaphy|Scald|p1a: Muk
|-damage|p1a: Muk|54/100
|move|p1a: Muk|Knock Off|p2a: Manaphy
|-damage|p2a: Manaphy|34/100 tox
|-enditem|p2a: Manaphy|Assault Vest|[from] move: Knock Off|[of] p1a: Muk
|
|-damage|p2a: Manaphy|22/100 tox|[from] psn
|upkeep
|turn|33
|
|t:|1711931685
|move|p2a: Manaphy|U-turn|p1a: Muk
|-crit|p1a: Muk
|-damage|p1a: Muk|29/100
|
|t:|1711931687
|switch|p2a: Zamazenta|Zamazenta|85/100|[from] U-turn
|-ability|p2a: Zamazenta|Sword of Ruin
|move|p1a: Muk|Drain Punch|p2a: Zamazenta
|-damage|p2a: Zamazenta|68/100
|-heal|p1a: Muk|36/100|[from] drain|[of] p2a: Zamazenta
|
|upkeep
|turn|34
|j|#daki@!
|
|t:|1711931693
|switch|p1a: Hippowdon|Hippowdon, F|100/100
|move|p2a: Zamazenta|Close Combat|p1a: Hippowdon
|-damage|p1a: Hippowdon|58/100
|-unboost|p2a: Zamazenta|def|1
|-unboost|p2a: Zamazenta|spd|1
|
|-heal|p1a: Hippowdon|64/100|[from] item: Leftovers
|upkeep
|turn|35
|
|t:|1711931699
|switch|p2a: Manaphy|Manaphy|55/100 tox
|move|p1a: Hippowdon|Earthquake|p2a: Manaphy
|-damage|p2a: Manaphy|25/100 tox
|
|-heal|p1a: Hippowdon|70/100|[from] item: Leftovers
|-damage|p2a: Manaphy|19/100 tox|[from] psn
|upkeep
|turn|36
|
|t:|1711931714
|move|p2a: Manaphy|U-turn|p1a: Hippowdon
|-damage|p1a: Hippowdon|61/100
|l| justchilln29
|
|t:|1711931718
|switch|p2a: Dragonite|Dragonite, M|81/100|[from] U-turn
|move|p1a: Hippowdon|Rock Slide|p2a: Dragonite
|-supereffective|p2a: Dragonite
|-damage|p2a: Dragonite|39/100
|
|-heal|p1a: Hippowdon|67/100|[from] item: Leftovers
|upkeep
|turn|37
|
|t:|1711931725
|move|p2a: Dragonite|Roost|p2a: Dragonite
|-heal|p2a: Dragonite|89/100
|-singleturn|p2a: Dragonite|move: Roost
|move|p1a: Hippowdon|Slack Off|p1a: Hippowdon
|-heal|p1a: Hippowdon|100/100
|
|upkeep
|turn|38
|
|t:|1711931753
|move|p2a: Dragonite|Earthquake|p1a: Hippowdon
|-damage|p1a: Hippowdon|72/100
|-damage|p2a: Dragonite|79/100|[from] item: Life Orb
|move|p1a: Hippowdon|Curse|p1a: Hippowdon
|-unboost|p1a: Hippowdon|spe|1
|-boost|p1a: Hippowdon|atk|1
|-boost|p1a: Hippowdon|def|1
|
|-heal|p1a: Hippowdon|78/100|[from] item: Leftovers
|upkeep
|turn|39
|
|t:|1711931758
|switch|p2a: Manaphy|Manaphy|52/100 tox
|move|p1a: Hippowdon|Earthquake|p2a: Manaphy
|-damage|p2a: Manaphy|1/100 tox
|
|-heal|p1a: Hippowdon|84/100|[from] item: Leftovers
|-damage|p2a: Manaphy|0 fnt|[from] psn
|faint|p2a: Manaphy
|upkeep
|j|%cjw405
|j| Vaporeonds
|
|t:|1711931770
|switch|p2a: Greninja|Greninja, F|71/100
|turn|40
|j| justchilln29
|
|t:|1711931775
|switch|p1a: Muk|Muk-Alola, F|69/100
|move|p2a: Greninja|Hydro Pump|p1a: Muk
|-damage|p1a: Muk|35/100
|-damage|p2a: Greninja|61/100|[from] item: Life Orb
|
|upkeep
|turn|41
|j| pokecypher2016
|j| Novax_Og
|
|t:|1711931792
|switch|p1a: Slither Wing|Slither Wing|68/100
|move|p2a: Greninja|Hydro Pump|p1a: Slither Wing
|-damage|p1a: Slither Wing|1/100
|-damage|p2a: Greninja|51/100|[from] item: Life Orb
|
|upkeep
|turn|42
|j| sheninja men
|inactive|theironpikachu has 120 seconds left.
|l| sheninja men
|
|t:|1711931818
|move|p1a: Slither Wing|First Impression|p2a: Greninja
|-supereffective|p2a: Greninja
|-damage|p2a: Greninja|0 fnt
|faint|p2a: Greninja
|
|upkeep
|
|t:|1711931820
|switch|p2a: Dragonite|Dragonite, M|79/100
|turn|43
|
|t:|1711931830
|switch|p1a: Muk|Muk-Alola, F|68/100
|move|p2a: Dragonite|Earthquake|p1a: Muk
|-supereffective|p1a: Muk
|-damage|p1a: Muk|0 fnt
|faint|p1a: Muk
|-damage|p2a: Dragonite|70/100|[from] item: Life Orb
|
|upkeep
|
|t:|1711931833
|switch|p1a: Hippowdon|Hippowdon, F|84/100
|turn|44
|
|t:|1711931842
|switch|p2a: Great Tusk|Great Tusk|47/100
|move|p1a: Hippowdon|Curse|p1a: Hippowdon
|-unboost|p1a: Hippowdon|spe|1
|-boost|p1a: Hippowdon|atk|1
|-boost|p1a: Hippowdon|def|1
|
|-heal|p2a: Great Tusk|53/100|[from] item: Leftovers
|-heal|p1a: Hippowdon|90/100|[from] item: Leftovers
|upkeep
|turn|45
|
|t:|1711931848
|move|p2a: Great Tusk|Stealth Rock|p1a: Hippowdon
|-sidestart|p1: ban drizzle lol|move: Stealth Rock
|move|p1a: Hippowdon|Earthquake|p2a: Great Tusk
|-damage|p2a: Great Tusk|12/100
|
|-heal|p2a: Great Tusk|19/100|[from] item: Leftovers
|-heal|p1a: Hippowdon|96/100|[from] item: Leftovers
|upkeep
|turn|46
|
|t:|1711931854
|move|p2a: Great Tusk|Knock Off|p1a: Hippowdon
|-damage|p1a: Hippowdon|85/100
|-enditem|p1a: Hippowdon|Leftovers|[from] move: Knock Off|[of] p2a: Great Tusk
|move|p1a: Hippowdon|Earthquake|p2a: Great Tusk
|-damage|p2a: Great Tusk|0 fnt
|faint|p2a: Great Tusk
|
|upkeep
|
|t:|1711931862
|switch|p2a: Zamazenta|Zamazenta|68/100
|-ability|p2a: Zamazenta|Sword of Ruin
|turn|47
|
|t:|1711931871
|move|p2a: Zamazenta|Close Combat|p1a: Hippowdon
|-crit|p1a: Hippowdon
|-damage|p1a: Hippowdon|26/100
|-unboost|p2a: Zamazenta|def|1
|-unboost|p2a: Zamazenta|spd|1
|move|p1a: Hippowdon|Slack Off|p1a: Hippowdon
|-heal|p1a: Hippowdon|76/100
|
|upkeep
|turn|48
|
|t:|1711931877
|move|p2a: Zamazenta|Close Combat|p1a: Hippowdon
|-damage|p1a: Hippowdon|48/100
|-unboost|p2a: Zamazenta|def|1
|-unboost|p2a: Zamazenta|spd|1
|move|p1a: Hippowdon|Slack Off|p1a: Hippowdon
|-heal|p1a: Hippowdon|98/100
|
|upkeep
|turn|49
|
|t:|1711931880
|move|p2a: Zamazenta|Close Combat|p1a: Hippowdon
|-damage|p1a: Hippowdon|72/100
|-unboost|p2a: Zamazenta|def|1
|-unboost|p2a: Zamazenta|spd|1
|move|p1a: Hippowdon|Earthquake|p2a: Zamazenta
|-damage|p2a: Zamazenta|12/100
|
|upkeep
|turn|50
|c|☆theironpikachu|ggwp
|
|t:|1711931886
|move|p2a: Zamazenta|Close Combat|p1a: Hippowdon
|-damage|p1a: Hippowdon|44/100
|-unboost|p2a: Zamazenta|def|1
|-unboost|p2a: Zamazenta|spd|1
|move|p1a: Hippowdon|Slack Off|p1a: Hippowdon
|-heal|p1a: Hippowdon|94/100
|
|upkeep
|turn|51
|l| pokecypher2016
|
|t:|1711931889
|move|p2a: Zamazenta|Crunch|p1a: Hippowdon
|-damage|p1a: Hippowdon|82/100
|move|p1a: Hippowdon|Earthquake|p2a: Zamazenta
|-damage|p2a: Zamazenta|0 fnt
|faint|p2a: Zamazenta
|
|upkeep
|
|t:|1711931891
|switch|p2a: Dragonite|Dragonite, M|70/100
|turn|52
|
|t:|1711931894
|move|p2a: Dragonite|Extreme Speed|p1a: Hippowdon
|-damage|p1a: Hippowdon|55/100
|-damage|p2a: Dragonite|60/100|[from] item: Life Orb
|move|p1a: Hippowdon|Rock Slide|p2a: Dragonite
|-supereffective|p2a: Dragonite
|-damage|p2a: Dragonite|0 fnt
|faint|p2a: Dragonite
|
|win|ban drizzle lol
|n|☆ban drizzle lol@!|bandrizzlelol
|n|☆theironpikachu|theironpikachu
|n| BB-8-NU|bb8nu
|n|*Lady Monita ❆|ladymonita
|n| skierdude101|skierdude101
|n| ryus0ken|ryus0ken
|n|+gewwge|gewwge
|n| Jadino|jadino
|n| bleahey|bleahey
|n| PokeArt2004❤|pokeart2004
|n|%daki@!|daki
|n|+cjw405|cjw405
|n| Vaporeonds|vaporeonds
|n| justchilln29|justchilln29
|n| Novax_Og|novaxog
|l|*Lady Monita ❆
