{"id":"gen9almostanyability-2093287343","format":"[Gen 9] Almost Any Ability","players":["AllHailDudunsparce","ThatDumbo"],"log":"|j|\u2606AllHailDudunsparce\n|j|\u2606ThatDumbo\n|t:|1711934819\n|gametype|singles\n|player|p1|AllHailDudunsparce|ghetsis-gen5bw|1082\n|player|p2|ThatDumbo|schoolkid|1117\n|teamsize|p1|6\n|teamsize|p2|6\n|gen|9\n|tier|[Gen 9] Almost Any Ability\n|rated|\n|rule|Species Clause: Limit one of each Pok\u00e9mon\n|rule|OHKO Clause: OHKO moves are banned\n|rule|Evasion Moves Clause: Evasion moves are banned\n|rule|Endless Battle Clause: Forcing endless battles is banned\n|rule|HP Percentage Mod: HP is shown in percentages\n|rule|1 Ability Clause: Limit 1 of each ability\n|rule|Sleep Moves Clause: Sleep-inducing moves are banned\n|rule|Terastal Clause: You cannot Terastallize\n|clearpoke\n|poke|p1|Deoxys-Speed|\n|poke|p1|Dudunsparce-*, M|\n|poke|p1|Great Tusk|\n|poke|p1|Metagross|\n|poke|p1|Garganacl, M|\n|poke|p1|Landorus-Therian, M|\n|poke|p2|Mismagius, M|\n|poke|p2|Volcarona, M|\n|poke|p2|Meowscarada, M|\n|poke|p2|Galvantula, M|\n|poke|p2|Cinccino, M|\n|poke|p2|Cinderace, M|\n|teampreview\n|inactive|Battle timer is ON: inactive players will automatically lose when time's up. (requested by AllHailDudunsparce)\n|\n|t:|1711934828\n|start\n|switch|p1a: Dudunsparce|Dudunsparce-Three-Segment, M, shiny|100\/100\n|switch|p2a: Cinderace|Cinderace, M|100\/100\n|turn|1\n|\n|t:|1711934840\n|move|p2a: Cinderace|High Jump Kick|p1a: Dudunsparce\n|-supereffective|p1a: Dudunsparce\n|-damage|p1a: Dudunsparce|26\/100\n|move|p1a: Dudunsparce|Poison Tail|p2a: Cinderace\n|-damage|p2a: Cinderace|66\/100\n|\n|upkeep\n|turn|2\n|\n|t:|1711934848\n|switch|p1a: Landorus|Landorus-Therian, M|100\/100\n|-ability|p1a: Landorus|Sword of Ruin\n|move|p2a: Cinderace|Pyro Ball|p1a: Landorus\n|-damage|p1a: Landorus|32\/100\n|\n|upkeep\n|turn|3\n|\n|t:|1711934858\n|move|p2a: Cinderace|Sucker Punch|p1a: Landorus\n|-damage|p1a: Landorus|3\/100\n|move|p1a: Landorus|Earthquake|p2a: Cinderace\n|-supereffective|p2a: Cinderace\n|-damage|p2a: Cinderace|0 fnt\n|faint|p2a: Cinderace\n|\n|upkeep\n|\n|t:|1711934869\n|switch|p2a: Volcarona|Volcarona, M|100\/100\n|turn|4\n|\n|t:|1711934873\n|move|p1a: Landorus|Earthquake|p2a: Volcarona\n|-damage|p2a: Volcarona|0 fnt\n|faint|p2a: Volcarona\n|\n|upkeep\n|\n|t:|1711934877\n|switch|p2a: Meowscarada|Meowscarada, M|100\/100\n|-activate|p2a: Meowscarada|ability: Supreme Overlord\n|-start|p2a: Meowscarada|fallen2|[silent]\n|turn|5\n|\n|t:|1711934891\n|switch|p1a: Great Tusk|Great Tusk|100\/100\n|move|p2a: Meowscarada|Sucker Punch||[still]\n|-fail|p2a: Meowscarada\n|\n|upkeep\n|turn|6\n|\n|t:|1711934899\n|move|p2a: Meowscarada|U-turn|p1a: Great Tusk\n|-resisted|p1a: Great Tusk\n|-damage|p1a: Great Tusk|91\/100\n|\n|t:|1711934901\n|-end|p2a: Meowscarada|fallen2|[silent]\n|switch|p2a: Mismagius|Mismagius, M|100\/100|[from] U-turn\n|move|p1a: Great Tusk|Close Combat|p2a: Mismagius\n|-immune|p2a: Mismagius\n|\n|upkeep\n|turn|7\n|\n|t:|1711934909\n|move|p2a: Mismagius|Skill Swap|p1a: Great Tusk\n|-activate|p2a: Mismagius|move: Skill Swap|Regenerator|Normalize|[of] p1a: Great Tusk\n|move|p1a: Great Tusk|Knock Off|p2a: Mismagius\n|-immune|p2a: Mismagius\n|\n|upkeep\n|turn|8\n|c|\u2606AllHailDudunsparce|bruh\n|c|\u2606ThatDumbo|lmao\n|\n|t:|1711934921\n|switch|p1a: Garganacl|Garganacl, M|100\/100\n|move|p2a: Mismagius|Nasty Plot|p2a: Mismagius\n|-boost|p2a: Mismagius|spa|2\n|\n|upkeep\n|turn|9\n|\n|t:|1711934927\n|move|p2a: Mismagius|Shadow Ball|p1a: Garganacl\n|-damage|p1a: Garganacl|28\/100\n|move|p1a: Garganacl|Salt Cure|p2a: Mismagius\n|-damage|p2a: Mismagius|70\/100\n|-start|p2a: Mismagius|Salt Cure\n|\n|-heal|p1a: Garganacl|35\/100|[from] item: Leftovers\n|-damage|p2a: Mismagius|58\/100|[from] Salt Cure\n|upkeep\n|turn|10\n|\n|t:|1711934937\n|switch|p1a: Dudunsparce|Dudunsparce-Three-Segment, M, shiny|26\/100\n|move|p2a: Mismagius|Shadow Ball|p1a: Dudunsparce\n|-immune|p1a: Dudunsparce\n|\n|-damage|p2a: Mismagius|46\/100|[from] Salt Cure\n|upkeep\n|turn|11\n|\n|t:|1711934945\n|move|p2a: Mismagius|Dazzling Gleam|p1a: Dudunsparce\n|-damage|p1a: Dudunsparce|0 fnt\n|faint|p1a: Dudunsparce\n|\n|-damage|p2a: Mismagius|33\/100|[from] Salt Cure\n|upkeep\n|c|\u2606AllHailDudunsparce|NOOOOOOOO\n|\n|t:|1711934953\n|switch|p1a: Landorus|Landorus-Therian, M|3\/100\n|-ability|p1a: Landorus|Sword of Ruin\n|turn|12\n|\n|t:|1711934963\n|switch|p2a: Cinccino|Cinccino, M|100\/100\n|move|p1a: Landorus|Earthquake|p2a: Cinccino\n|-damage|p2a: Cinccino|0 fnt\n|faint|p2a: Cinccino\n|\n|upkeep\n|\n|t:|1711934966\n|switch|p2a: Mismagius|Mismagius, M|67\/100\n|turn|13\n|\n|t:|1711934972\n|move|p1a: Landorus|Earthquake|p2a: Mismagius\n|-damage|p2a: Mismagius|0 fnt\n|faint|p2a: Mismagius\n|\n|upkeep\n|\n|t:|1711934976\n|switch|p2a: Meowscarada|Meowscarada, M|100\/100\n|-activate|p2a: Meowscarada|ability: Supreme Overlord\n|-start|p2a: Meowscarada|fallen4|[silent]\n|turn|14\n|\n|t:|1711934983\n|switch|p1a: Garganacl|Garganacl, M|35\/100\n|move|p2a: Meowscarada|Sucker Punch||[still]\n|-fail|p2a: Meowscarada\n|\n|-heal|p1a: Garganacl|41\/100|[from] item: Leftovers\n|upkeep\n|turn|15\n|\n|t:|1711934990\n|move|p1a: Garganacl|Protect|p1a: Garganacl\n|-singleturn|p1a: Garganacl|Protect\n|move|p2a: Meowscarada|Flower Trick|p1a: Garganacl\n|-activate|p1a: Garganacl|move: Protect\n|\n|-heal|p1a: Garganacl|47\/100|[from] item: Leftovers\n|upkeep\n|turn|16\n|\n|t:|1711934999\n|move|p2a: Meowscarada|Flower Trick|p1a: Garganacl\n|-supereffective|p1a: Garganacl\n|-crit|p1a: Garganacl\n|-damage|p1a: Garganacl|0 fnt\n|faint|p1a: Garganacl\n|\n|upkeep\n|\n|t:|1711935006\n|switch|p1a: Great Tusk|Great Tusk|91\/100\n|turn|17\n|\n|t:|1711935009\n|move|p2a: Meowscarada|U-turn|p1a: Great Tusk\n|-resisted|p1a: Great Tusk\n|-damage|p1a: Great Tusk|80\/100\n|\n|t:|1711935011\n|-end|p2a: Meowscarada|fallen4|[silent]\n|switch|p2a: Galvantula|Galvantula, M|100\/100|[from] U-turn\n|-weather|RainDance|[from] ability: Drizzle|[of] p2a: Galvantula\n|move|p1a: Great Tusk|Close Combat|p2a: Galvantula\n|-resisted|p2a: Galvantula\n|-damage|p2a: Galvantula|32\/100\n|-unboost|p1a: Great Tusk|def|1\n|-unboost|p1a: Great Tusk|spd|1\n|\n|-weather|RainDance|[upkeep]\n|upkeep\n|turn|18\n|\n|t:|1711935024\n|move|p2a: Galvantula|Sticky Web|p1a: Great Tusk\n|-sidestart|p1: AllHailDudunsparce|move: Sticky Web\n|move|p1a: Great Tusk|Close Combat|p2a: Galvantula\n|-resisted|p2a: Galvantula\n|-damage|p2a: Galvantula|0 fnt\n|-unboost|p1a: Great Tusk|def|1\n|-unboost|p1a: Great Tusk|spd|1\n|faint|p2a: Galvantula\n|\n|-weather|RainDance|[upkeep]\n|upkeep\n|\n|t:|1711935029\n|switch|p2a: Meowscarada|Meowscarada, M|100\/100\n|-activate|p2a: Meowscarada|ability: Supreme Overlord\n|-start|p2a: Meowscarada|fallen5|[silent]\n|turn|19\n|\n|t:|1711935038\n|switch|p1a: Landorus|Landorus-Therian, M|3\/100\n|-ability|p1a: Landorus|Sword of Ruin\n|move|p2a: Meowscarada|Flower Trick|p1a: Landorus\n|-crit|p1a: Landorus\n|-damage|p1a: Landorus|0 fnt\n|faint|p1a: Landorus\n|\n|-weather|RainDance|[upkeep]\n|upkeep\n|\n|t:|1711935056\n|switch|p1a: Deoxys|Deoxys-Speed|100\/100\n|-activate|p1a: Deoxys|move: Sticky Web\n|-unboost|p1a: Deoxys|spe|1\n|-activate|p1a: Deoxys|ability: Supreme Overlord\n|-start|p1a: Deoxys|fallen3|[silent]\n|turn|20\n|\n|t:|1711935063\n|move|p2a: Meowscarada|U-turn|p1a: Deoxys\n|-supereffective|p1a: Deoxys\n|-damage|p1a: Deoxys|8\/100\n|move|p1a: Deoxys|Nasty Plot|p1a: Deoxys\n|-boost|p1a: Deoxys|spa|2\n|\n|-weather|RainDance|[upkeep]\n|upkeep\n|turn|21\n|c|\u2606AllHailDudunsparce|i thought sucker punch\n|inactive|AllHailDudunsparce has 120 seconds left.\n|c|\u2606AllHailDudunsparce|and thought wrong\n|c|\u2606ThatDumbo|Nah\n|\n|t:|1711935096\n|move|p2a: Meowscarada|Sucker Punch|p1a: Deoxys\n|-supereffective|p1a: Deoxys\n|-damage|p1a: Deoxys|0 fnt\n|faint|p1a: Deoxys\n|-end|p1a: Deoxys|fallen3|[silent]\n|\n|-weather|none\n|upkeep\n|inactive|AllHailDudunsparce has 120 seconds left.\n|\n|t:|1711935102\n|switch|p1a: Metagross|Metagross|100\/100\n|-activate|p1a: Metagross|move: Sticky Web\n|-unboost|p1a: Metagross|spe|1\n|-ability|p1a: Metagross|Defiant|boost\n|-boost|p1a: Metagross|atk|2\n|turn|22\n|inactive|AllHailDudunsparce has 120 seconds left.\n|\n|t:|1711935112\n|move|p2a: Meowscarada|U-turn|p1a: Metagross\n|-damage|p1a: Metagross|78\/100\n|move|p1a: Metagross|Brick Break|p2a: Meowscarada\n|-supereffective|p2a: Meowscarada\n|-damage|p2a: Meowscarada|0 fnt\n|faint|p2a: Meowscarada\n|-end|p2a: Meowscarada|fallen5|[silent]\n|\n|win|AllHailDudunsparce\n|raw|AllHailDudunsparce's rating: 1082 &rarr; <strong>1112<\/strong><br \/>(+30 for winning)\n|raw|ThatDumbo's rating: 1117 &rarr; <strong>1089<\/strong><br \/>(-28 for losing)\n|c|\u2606AllHailDudunsparce|gg\n|c|\u2606ThatDumbo|Fuck\n|c|\u2606AllHailDudunsparce|lol\n","uploadtime":1711935122,"views":0,"formatid":"gen9almostanyability","rating":1089,"private":0,"password":null}