{"id":"gen9cap-2093354221","format":"[Gen 9] CAP","players":["turnup1","WoomsTourGuide"],"log":"|j|\u2606turnup1\n|j|\u2606WoomsTourGuide\n|t:|1711943467\n|gametype|singles\n|player|p1|turnup1|ethan-pokeathlon|\n|player|p2|WoomsTourGuide|plasmagrunt-gen5bw|\n|teamsize|p1|6\n|teamsize|p2|6\n|gen|9\n|tier|[Gen 9] CAP\n|rated|Tournament battle\n|rule|Species Clause: Limit one of each Pok\u00e9mon\n|rule|OHKO Clause: OHKO moves are banned\n|rule|Evasion Items Clause: Evasion items are banned\n|rule|Evasion Moves Clause: Evasion moves are banned\n|rule|Endless Battle Clause: Forcing endless battles is banned\n|rule|HP Percentage Mod: HP is shown in percentages\n|rule|Sleep Moves Clause: Sleep-inducing moves are banned\n|clearpoke\n|poke|p1|Indeedee, M|\n|poke|p1|Miasmaw, F|\n|poke|p1|Hawlucha, M|\n|poke|p1|Hatterene, F|\n|poke|p1|Deoxys-Speed|\n|poke|p1|Venomicon-Epilogue|\n|poke|p2|Samurott-Hisui, F|\n|poke|p2|Dragapult, M|\n|poke|p2|Iron Moth|\n|poke|p2|Iron Valiant|\n|poke|p2|Ursaluna, M|\n|poke|p2|Miasmaw, F|\n|teampreview\n|inactive|Battle timer is ON: inactive players will automatically lose when time's up. (requested by WoomsTourGuide)\n|inactive|turnup1 also wants the timer to be on.\n|c|\u2606WoomsTourGuide|gl hf\n|j| exithe\n|c|\u2606turnup1|glhf\n|j| Yugi_test\n|j|%Samirsin\u2605\n|l|%Samirsin\u2605\n|j|%Samirsin\u2605\n|j|^Spammernoob\n|c|%Samirsin\u2605|Last battle of the month wooo\n|\n|t:|1711943487\n|start\n|switch|p1a: Indeedee|Indeedee, M|100\/100\n|switch|p2a: Samurott|Samurott-Hisui, F|100\/100\n|-fieldstart|move: Psychic Terrain|[from] ability: Psychic Surge|[of] p1a: Indeedee\n|turn|1\n|\n|t:|1711943495\n|-terastallize|p1a: Indeedee|Fairy\n|move|p1a: Indeedee|Dazzling Gleam|p2a: Samurott\n|-supereffective|p2a: Samurott\n|-enditem|p2a: Samurott|Focus Sash\n|-damage|p2a: Samurott|1\/100\n|move|p2a: Samurott|Ceaseless Edge|p1a: Indeedee\n|-resisted|p1a: Indeedee\n|-damage|p1a: Indeedee|57\/100\n|-sidestart|p1: turnup1|Spikes\n|\n|upkeep\n|turn|2\n|c|\u2606turnup1|last battle of my life\n|\n|t:|1711943505\n|move|p1a: Indeedee|Dazzling Gleam|p2a: Samurott\n|-supereffective|p2a: Samurott\n|-damage|p2a: Samurott|0 fnt\n|faint|p2a: Samurott\n|\n|upkeep\n|c|\u2606WoomsTourGuide|dont say those things\n|c| exithe|turnup wdym LMAO\n|c|\u2606WoomsTourGuide|lmaoo\n|c| exithe|why\n|c| Yugi_test|lol\n|c| Yugi_test|Happy new month guys\n|inactive|WoomsTourGuide has 120 seconds left.\n|\n|t:|1711943538\n|switch|p2a: Iron Moth|Iron Moth|100\/100\n|-enditem|p2a: Iron Moth|Booster Energy\n|-activate|p2a: Iron Moth|ability: Quark Drive|[fromitem]\n|-start|p2a: Iron Moth|quarkdrivespa\n|turn|3\n|c|\u2606WoomsTourGuide|not yet\n|c|\u2606WoomsTourGuide|8 minutes\n|c| Yugi_test|Soon\n|inactive|WoomsTourGuide has 120 seconds left.\n|c|\u2606WoomsTourGuide|turnup1 yo if youre serious, ill make this battle last\n|c|\u2606WoomsTourGuide|forever\n|c|\u2606WoomsTourGuide|say the word\n|c|\u2606turnup1|you are real\n|\n|t:|1711943571\n|switch|p1a: Hatterene|Hatterene, F|100\/100\n|-damage|p1a: Hatterene|88\/100|[from] Spikes\n|move|p2a: Iron Moth|Fiery Dance|p1a: Hatterene\n|-damage|p1a: Hatterene|23\/100\n|-boost|p2a: Iron Moth|spa|1\n|-enditem|p1a: Hatterene|Eject Button\n|c|\u2606turnup1|i am not serious\n|c|\u2606WoomsTourGuide|then im kicking your ass\n|c|\u2606WoomsTourGuide|JUST KIDDING\n|\n|t:|1711943580\n|switch|p1a: Deoxys|Deoxys-Speed|100\/100\n|-damage|p1a: Deoxys|88\/100|[from] Spikes\n|-ability|p1a: Deoxys|Pressure\n|\n|upkeep\n|turn|4\n|c|\u2606turnup1|D:\n|c| exithe|LOL\n|c|\u2606WoomsTourGuide|oh\n|c|\u2606WoomsTourGuide|psycho boost\n|c| exithe|yeah but take care turnup\n|c|\u2606WoomsTourGuide|just\n|c|\u2606WoomsTourGuide|destroys me.\n|c|\u2606turnup1|yeah\n|c|\u2606WoomsTourGuide|who am i saccing\n|inactive|WoomsTourGuide has 90 seconds left.\n|c|\u2606WoomsTourGuide|uhh\n|c|^Spammernoob|its not psycho boost\n|c|^Spammernoob|its expanding force\n|c|^Spammernoob|which is worse LOL\n|c|\u2606turnup1|spoilers...\n|c| exithe|inb4 woom discovers its expanding force\n|c|\u2606WoomsTourGuide|oh lord\n|c|^Spammernoob|cuz no drop\n|c|\u2606WoomsTourGuide|have mercy\n|c|\u2606WoomsTourGuide|if its ef\n|c|\u2606WoomsTourGuide|i ff\n|inactive|WoomsTourGuide has 60 seconds left.\n|c|\u2606WoomsTourGuide|bye miasmaw\n|\n|t:|1711943637\n|-end|p2a: Iron Moth|Quark Drive|[silent]\n|switch|p2a: Miasmaw|Miasmaw, F|100\/100\n|-ability|p2a: Miasmaw|Neutralizing Gas\n|move|p1a: Deoxys|Expanding Force|p2a: Miasmaw\n|-crit|p2a: Miasmaw\n|-damage|p2a: Miasmaw|0 fnt\n|faint|p2a: Miasmaw\n|-end|p2a: Miasmaw|ability: Neutralizing Gas\n|-ability|p1a: Deoxys|Pressure\n|\n|upkeep\n|c| Yugi_test|lol\n|c|\u2606WoomsTourGuide|jesus.\n|c|\u2606turnup1|lol\n|inactive|WoomsTourGuide has 60 seconds left.\n|c| exithe|gonezo!\n|\n|t:|1711943645\n|switch|p2a: Ursaluna|Ursaluna, M|100\/100\n|turn|5\n|c|\u2606WoomsTourGuide|MY GOLDEN BOY\n|inactive|WoomsTourGuide has 60 seconds left.\n|\n|t:|1711943659\n|switch|p1a: Hatterene|Hatterene, F|23\/100\n|-damage|p1a: Hatterene|11\/100|[from] Spikes\n|move|p2a: Ursaluna|Crunch|p1a: Hatterene\n|-damage|p1a: Hatterene|0 fnt\n|faint|p1a: Hatterene\n|\n|-status|p2a: Ursaluna|brn|[from] item: Flame Orb\n|upkeep\n|\n|t:|1711943664\n|switch|p1a: Miasmaw|Miasmaw, F|100\/100\n|-ability|p1a: Miasmaw|Neutralizing Gas\n|-damage|p1a: Miasmaw|88\/100|[from] Spikes\n|turn|6\n|c|\u2606WoomsTourGuide|i have to save ursa\n|c|\u2606WoomsTourGuide|but if i switch out i lose\n|c|\u2606WoomsTourGuide|hmm\n|c|\u2606WoomsTourGuide|decisions decisions\n|inactive|WoomsTourGuide has 60 seconds left.\n|c|%Samirsin\u2605|No guts???\n|c|^Spammernoob|u have booster speed val, no?\n|c|\u2606turnup1|tbh\n|c| Yugi_test|Don't expose your plans in front of the enemy\n|c|\u2606turnup1|i mgiht just still get 1 shot\n|inactive|turnup1 has 120 seconds left.\n|c|\u2606turnup1|LOL\n|c|\u2606WoomsTourGuide|i talk outloud\n|c| Yugi_test|ok\n|c|\u2606WoomsTourGuide|my adhd\n|c|\u2606WoomsTourGuide|is\n|c|\u2606WoomsTourGuide|adhding\n|c|\u2606WoomsTourGuide|rn\n|c| exithe|no ngas cancels guts\n|inactive|WoomsTourGuide has 30 seconds left.\n|c|\u2606WoomsTourGuide|its ggs\n|c|\u2606turnup1|this thing has like 5 defense\n|c|\u2606WoomsTourGuide|so ima just DO THIS\n|c|%Samirsin\u2605|:000\n|\n|t:|1711943721\n|move|p1a: Miasmaw|Swords Dance|p1a: Miasmaw\n|-boost|p1a: Miasmaw|atk|2\n|move|p2a: Ursaluna|Facade|p1a: Miasmaw\n|-damage|p1a: Miasmaw|0 fnt\n|faint|p1a: Miasmaw\n|-end|p1a: Miasmaw|ability: Neutralizing Gas\n|\n|-damage|p2a: Ursaluna|94\/100 brn|[from] brn\n|upkeep\n|inactive|WoomsTourGuide has 30 seconds left this turn.\n|c|\u2606turnup1|see\n|inactive|turnup1 has 90 seconds left.\n|\n|t:|1711943732\n|switch|p1a: Hawlucha|Hawlucha, M|100\/100\n|-enditem|p1a: Hawlucha|Psychic Seed\n|-boost|p1a: Hawlucha|spd|1|[from] item: Psychic Seed\n|turn|7\n|c| Yugi_test|does it actually\n|c|\u2606turnup1|!dt miasmaw\n|raw|<div class=\"message\"><ul class=\"utilichart\"><li class=\"result\"><span class=\"col numcol\">CAP<\/span> <span class=\"col iconcol\"><psicon pokemon=\"miasmaw\"\/><\/span> <span class=\"col pokemonnamecol\" style=\"white-space:nowrap\"><a href=\"https:\/\/dex.pokemonshowdown.com\/pokemon\/miasmaw\" target=\"_blank\">Miasmaw<\/a><\/span> <span class=\"col typecol\"><img src=\"https:\/\/play.pokemonshowdown.com\/sprites\/types\/Bug.png\" alt=\"Bug\" height=\"14\" width=\"32\"><img src=\"https:\/\/play.pokemonshowdown.com\/sprites\/types\/Dragon.png\" alt=\"Dragon\" height=\"14\" width=\"32\"><\/span> <span style=\"float:left;min-height:26px\"><span class=\"col twoabilitycol\">Neutralizing Gas<br \/>Hyper Cutter<\/span><span class=\"col abilitycol\"><em>Compound Eyes<\/em><\/span><\/span><span style=\"float:left;min-height:26px\"><span class=\"col statcol\"><em>HP<\/em><br \/>85<\/span> <span class=\"col statcol\"><em>Atk<\/em><br \/>135<\/span> <span class=\"col statcol\"><em>Def<\/em><br \/>60<\/span> <span class=\"col statcol\"><em>SpA<\/em><br \/>88<\/span> <span class=\"col statcol\"><em>SpD<\/em><br \/>105<\/span> <span class=\"col statcol\"><em>Spe<\/em><br \/>99<\/span> <span class=\"col bstcol\"><em>BST<br \/>572<\/em><\/span> <\/span><\/li><li style=\"clear:both\"><\/li><\/ul><\/div>\n|raw|<font size=\"1\"><font color=\"#686868\">Dex#:<\/font> -59&nbsp;|&ThickSpace;<font color=\"#686868\">Gen:<\/font> 8&nbsp;|&ThickSpace;<font color=\"#686868\">Height:<\/font> 1.2 m&nbsp;|&ThickSpace;<font color=\"#686868\">Weight:<\/font> 57 kg <em>(80 BP)<\/em>&nbsp;|&ThickSpace;<font color=\"#686868\">Dex Colour:<\/font> Green&nbsp;|&ThickSpace;<font color=\"#686868\">Egg Group(s):<\/font> Bug, Dragon&nbsp;|&ThickSpace;<font color=\"#686868\">Pre-Evolution:<\/font> Miasmite&nbsp;|&ThickSpace;<font color=\"#686868\">Does Not Evolve<\/font><\/font>\n\n|inactive|turnup1 has 90 seconds left.\n|inactive|WoomsTourGuide has 30 seconds left.\n|c| Yugi_test|ah\n|\n|t:|1711943748\n|switch|p2a: Iron Valiant|Iron Valiant|100\/100\n|-enditem|p2a: Iron Valiant|Booster Energy\n|-activate|p2a: Iron Valiant|ability: Quark Drive|[fromitem]\n|-start|p2a: Iron Valiant|quarkdrivespe\n|move|p1a: Hawlucha|Close Combat|p2a: Iron Valiant\n|-resisted|p2a: Iron Valiant\n|-damage|p2a: Iron Valiant|64\/100\n|-unboost|p1a: Hawlucha|def|1\n|-unboost|p1a: Hawlucha|spd|1\n|\n|upkeep\n|turn|8\n|c| Yugi_test|60\n|c| exithe|bro is made of paper\n|c| Yugi_test|ewwww\n|inactive|WoomsTourGuide has 30 seconds left.\n|c|%Samirsin\u2605|!ds def=60\n|c| Samirsin\u2605|\/raw <div class=\"infobox\"><a href=\"\/\/dex.pokemonshowdown.com\/pokemon\/axew\" target=\"_blank\" class=\"subtle\" style=\"white-space:nowrap\"><psicon pokemon=\"Axew\" style=\"vertical-align:-7px;margin:-2px\" \/>Axew<\/a>, <a href=\"\/\/dex.pokemonshowdown.com\/pokemon\/bagon\" target=\"_blank\" class=\"subtle\" style=\"white-space:nowrap\"><psicon pokemon=\"Bagon\" style=\"vertical-align:-7px;margin:-2px\" \/>Bagon<\/a>, <a href=\"\/\/dex.pokemonshowdown.com\/pokemon\/barraskewda\" target=\"_blank\" class=\"subtle\" style=\"white-space:nowrap\"><psicon pokemon=\"Barraskewda\" style=\"vertical-align:-7px;margin:-2px\" \/>Barraskewda<\/a>, <a href=\"\/\/dex.pokemonshowdown.com\/pokemon\/cacturne\" target=\"_blank\" class=\"subtle\" style=\"white-space:nowrap\"><psicon pokemon=\"Cacturne\" style=\"vertical-align:-7px;margin:-2px\" \/>Cacturne<\/a>, <a href=\"\/\/dex.pokemonshowdown.com\/pokemon\/cinccino\" target=\"_blank\" class=\"subtle\" style=\"white-space:nowrap\"><psicon pokemon=\"Cinccino\" style=\"vertical-align:-7px;margin:-2px\" \/>Cinccino<\/a>, <a href=\"\/\/dex.pokemonshowdown.com\/pokemon\/clodsire\" target=\"_blank\" class=\"subtle\" style=\"white-space:nowrap\"><psicon pokemon=\"Clodsire\" style=\"vertical-align:-7px;margin:-2px\" \/>Clodsire<\/a>, <a href=\"\/\/dex.pokemonshowdown.com\/pokemon\/combusken\" target=\"_blank\" class=\"subtle\" style=\"white-space:nowrap\"><psicon pokemon=\"Combusken\" style=\"vertical-align:-7px;margin:-2px\" \/>Combusken<\/a>, <a href=\"\/\/dex.pokemonshowdown.com\/pokemon\/cottonee\" target=\"_blank\" class=\"subtle\" style=\"white-space:nowrap\"><psicon pokemon=\"Cottonee\" style=\"vertical-align:-7px;margin:-2px\" \/>Cottonee<\/a>, <a href=\"\/\/dex.pokemonshowdown.com\/pokemon\/dewott\" target=\"_blank\" class=\"subtle\" style=\"white-space:nowrap\"><psicon pokemon=\"Dewott\" style=\"vertical-align:-7px;margin:-2px\" \/>Dewott<\/a>, <a href=\"\/\/dex.pokemonshowdown.com\/pokemon\/dolliv\" target=\"_blank\" class=\"subtle\" style=\"white-space:nowrap\"><psicon pokemon=\"Dolliv\" style=\"vertical-align:-7px;margin:-2px\" \/>Dolliv<\/a>, and 46 more. <span style=\"color:#999999;\">Redo the search with ', all' at the end to show all results.<\/span><\/div>\n|c|\u2606WoomsTourGuide|lol\n|c|\u2606WoomsTourGuide|this is funny\n|\n|t:|1711943763\n|-terastallize|p2a: Iron Valiant|Electric\n|move|p1a: Hawlucha|Acrobatics|p2a: Iron Valiant\n|-resisted|p2a: Iron Valiant\n|-damage|p2a: Iron Valiant|31\/100\n|move|p2a: Iron Valiant|Moonblast|p1a: Hawlucha\n|-supereffective|p1a: Hawlucha\n|-damage|p1a: Hawlucha|0 fnt\n|faint|p1a: Hawlucha\n|\n|-fieldend|move: Psychic Terrain\n|upkeep\n|inactive|WoomsTourGuide has 30 seconds left this turn.\n|c|\u2606WoomsTourGuide|haahaaa\n|c| Yugi_test|bros on par with cottonee\n|\n|t:|1711943771\n|switch|p1a: Indeedee|Indeedee, M, tera:Fairy|57\/100\n|-damage|p1a: Indeedee|45\/100|[from] Spikes\n|-fieldstart|move: Psychic Terrain|[from] ability: Psychic Surge|[of] p1a: Indeedee\n|turn|9\n|c|\u2606WoomsTourGuide|W tera\n|c|\u2606WoomsTourGuide|man\n|c|\u2606WoomsTourGuide|w tera\n|\n|t:|1711943779\n|move|p2a: Iron Valiant|Moonblast|p1a: Indeedee\n|-damage|p1a: Indeedee|0 fnt\n|faint|p1a: Indeedee\n|\n|upkeep\n|\n|t:|1711943781\n|switch|p1a: Deoxys|Deoxys-Speed|88\/100\n|-damage|p1a: Deoxys|76\/100|[from] Spikes\n|-ability|p1a: Deoxys|Pressure\n|turn|10\n|\n|t:|1711943784\n|move|p2a: Iron Valiant|Moonblast|p1a: Deoxys\n|-damage|p1a: Deoxys|0 fnt\n|faint|p1a: Deoxys\n|\n|upkeep\n|c|\u2606turnup1|oh\n|c| exithe|spoo always made great teams\n|c|\u2606WoomsTourGuide|ggsers\n|\n|t:|1711943792\n|switch|p1a: Venomicon|Venomicon-Epilogue|100\/100\n|turn|11\n|c|\u2606WoomsTourGuide|whoevers team this is\n|c|\u2606WoomsTourGuide|wait\n|inactive|WoomsTourGuide has 60 seconds left.\n|c|\u2606WoomsTourGuide|whats his name\n|c|\u2606WoomsTourGuide|spoo?\n|c| exithe|yup\n|c|^Spammernoob|spoo GOAT\n|c| exithe|cap mod\n|c|\u2606WoomsTourGuide|guys on another level\n|c|\u2606WoomsTourGuide|lol\n|\n|t:|1711943808\n|move|p2a: Iron Valiant|Thunderbolt|p1a: Venomicon\n|-supereffective|p1a: Venomicon\n|-damage|p1a: Venomicon|0 fnt\n|faint|p1a: Venomicon\n|\n|win|WoomsTourGuide\n|n|\u2606turnup1|turnup1\n|n|\u2606WoomsTourGuide|woomstourguide\n|n| exithe|exithe\n|n| Yugi_test|yugitest\n|n| Samirsin\u2605|samirsin\n|n| Spammernoob|spammernoob\n|c|\u2606turnup1|gg\n|c|\u2606WoomsTourGuide|ggwp!\n|l|\u2606WoomsTourGuide\n|player|p2|\n|c| Yugi_test|Wow\n|c| Spammernoob|this is a 7? month old team\n|l| exithe\n|c|\u2606turnup1|i shouldnt have sacced miasmaw for no reason!\n|c| Yugi_test|Well it was nice while it lased\n|c| Yugi_test|Bye\n|c| Spammernoob|cyz\n|l| Yugi_test\n|l| Samirsin\u2605\n|l|\u2606turnup1\n|player|p1|\n|j| Samirsin\u2605\n","uploadtime":1711943808,"views":1,"formatid":"gen9cap","rating":null,"private":0,"password":null}