{"id":"gen9nfe-2089801023","format":"[Gen 9] NFE","players":["NaokiS2","AmoSerPobre"],"log":"|j|\u2606NaokiS2\n|j|\u2606AmoSerPobre\n|inactive|Battle timer is ON: inactive players will automatically lose when time's up.\n|t:|1711487860\n|gametype|singles\n|player|p1|NaokiS2|n-masters|\n|player|p2|AmoSerPobre|heroine2-conquest|\n|teamsize|p1|6\n|teamsize|p2|6\n|gen|9\n|tier|[Gen 9] NFE\n|rated|Tournament battle\n|rule|Species Clause: Limit one of each Pok\u00e9mon\n|rule|OHKO Clause: OHKO moves are banned\n|rule|Evasion Moves Clause: Evasion moves are banned\n|rule|Endless Battle Clause: Forcing endless battles is banned\n|rule|HP Percentage Mod: HP is shown in percentages\n|rule|Sleep Moves Clause: Sleep-inducing moves are banned\n|rule|Terastal Clause: You cannot Terastallize\n|clearpoke\n|poke|p1|Vullaby, F|\n|poke|p1|Koffing, M|\n|poke|p1|Piloswine, F|\n|poke|p1|Servine, M|\n|poke|p1|Raboot, M|\n|poke|p1|Sliggoo-Hisui, M|\n|poke|p2|Impidimp, L5, M|\n|poke|p2|Corphish, L5, M|\n|poke|p2|Voltorb-Hisui, L5|\n|poke|p2|Magby, L5, M|\n|poke|p2|Growlithe-Hisui, L5, M|\n|poke|p2|Gastly, L5, M|\n|teampreview\n|inactive|AmoSerPobre also wants the timer to be on.\n|j| WanniBr\n|c| WanniBr|\u00e9 pra vencer, AmoSerPobre\n|c|\u2606NaokiS2|errrrrrrrr\n|\n|t:|1711487876\n|start\n|switch|p1a: Piloswine|Piloswine, F|100\/100\n|switch|p2a: Growlithe|Growlithe-Hisui, L5, M, shiny|100\/100\n|turn|1\n|c| WanniBr|grrr\n|c|\u2606NaokiS2|errrrrrrrrrrrrrrrrr.\n|c|\u2606NaokiS2|entao\n|j| Tunderboltz456\n|c|\u2606AmoSerPobre|ele ta com time de pre adolescente WanniBr, eu to com time criancinha\n|c|\u2606NaokiS2|eu conto ou vcs contam?\n|\n|t:|1711487898\n|move|p1a: Piloswine|Stealth Rock|p2a: Growlithe\n|-sidestart|p2: AmoSerPobre|move: Stealth Rock\n|move|p2a: Growlithe|Flare Blitz|p1a: Piloswine\n|-supereffective|p1a: Piloswine\n|-damage|p1a: Piloswine|99\/100\n|\n|upkeep\n|turn|2\n|c| Tunderboltz456|o outro sacou um LC\n|c| Tunderboltz456|\u00f3 q genia\n|c|\u2606AmoSerPobre|AGR VI O LEVEK\n|\n|t:|1711487914\n|switch|p1a: Servine|Servine, M|100\/100\n|move|p2a: Growlithe|Flare Blitz|p1a: Servine\n|-supereffective|p1a: Servine\n|-damage|p1a: Servine|99\/100\n|\n|upkeep\n|turn|3\n|c| WanniBr|kk\n|\n|t:|1711487923\n|move|p1a: Servine|Leaf Storm|p2a: Growlithe\n|-damage|p2a: Growlithe|0 fnt\n|-boost|p1a: Servine|spa|2\n|faint|p2a: Growlithe\n|\n|upkeep\n|c| Tunderboltz456|kkkkkkkkkkkkkkkkkkkkkkkkkkkkkkkkkkkkkkkkkkkk\n|c|\u2606NaokiS2|quem conta?\n|\n|t:|1711487928\n|switch|p2a: Corphish|Corphish, L5, M|100\/100\n|-damage|p2a: Corphish|90\/100|[from] Stealth Rock\n|turn|4\n|c| WanniBr|caraca, que dano, AmoSerPobre\n|c| Tunderboltz456|button click go brrrr\n|\n|t:|1711487934\n|move|p2a: Corphish|Aqua Jet|p1a: Servine\n|-resisted|p1a: Servine\n|-damage|p1a: Servine|99\/100\n|move|p1a: Servine|Knock Off|p2a: Corphish\n|-damage|p2a: Corphish|0 fnt\n|-enditem|p2a: Corphish|Eviolite|[from] move: Knock Off|[of] p1a: Servine\n|faint|p2a: Corphish\n|\n|upkeep\n|c|\u2606NaokiS2|0.3%\n|c|\u2606NaokiS2|KKKKKKKKKKKK\n|\n|t:|1711487944\n|switch|p2a: Impidimp|Impidimp, L5, M|100\/100\n|-damage|p2a: Impidimp|92\/100|[from] Stealth Rock\n|turn|5\n|\n|t:|1711487950\n|move|p2a: Impidimp|Parting Shot|p1a: Servine\n|-boost|p1a: Servine|atk|1\n|-boost|p1a: Servine|spa|1\n|\n|t:|1711487959\n|switch|p2a: Magby|Magby, L5, M|100\/100|[from] Parting Shot\n|-damage|p2a: Magby|75\/100|[from] Stealth Rock\n|move|p1a: Servine|Glare|p2a: Magby\n|-status|p2a: Magby|par\n|\n|upkeep\n|turn|6\n|\n|t:|1711487968\n|move|p1a: Servine|Leaf Storm|p2a: Magby\n|-resisted|p2a: Magby\n|-damage|p2a: Magby|0 fnt\n|-boost|p1a: Servine|spa|2\n|faint|p2a: Magby\n|\n|upkeep\n|\n|t:|1711487973\n|switch|p2a: Impidimp|Impidimp, L5, M|92\/100\n|-damage|p2a: Impidimp|83\/100|[from] Stealth Rock\n|turn|7\n|c| Tunderboltz456|s\u00f3 as amea\u00e7a k\n|\n|t:|1711487978\n|move|p2a: Impidimp|Parting Shot|p1a: Servine\n|-boost|p1a: Servine|atk|1\n|-boost|p1a: Servine|spa|1\n|c|\u2606NaokiS2|kkkkkkkkkkkk\n|\n|t:|1711487983\n|switch|p2a: Gastly|Gastly, L5, M|100\/100|[from] Parting Shot\n|-damage|p2a: Gastly|90\/100|[from] Stealth Rock\n|move|p1a: Servine|Knock Off|p2a: Gastly\n|-supereffective|p2a: Gastly\n|-damage|p2a: Gastly|0 fnt\n|-enditem|p2a: Gastly|Choice Scarf|[from] move: Knock Off|[of] p1a: Servine\n|faint|p2a: Gastly\n|\n|upkeep\n|c|\u2606NaokiS2|ELA BUFFANDO O  BICHO\n|c|\u2606NaokiS2|KKKKKKKK\n|c| Tunderboltz456|G E N I O\n|j| Cogumelo Raro\n|c|\u2606NaokiS2|6\n|\n|t:|1711487994\n|switch|p2a: Impidimp|Impidimp, L5, M|83\/100\n|-damage|p2a: Impidimp|74\/100|[from] Stealth Rock\n|turn|8\n|c|\u2606NaokiS2|Tadinha mano\n|c| WanniBr|ra\u00e7a absoluta, al\u00e9m da consci\u00eancia.\n|\n|t:|1711488010\n|move|p2a: Impidimp|Parting Shot|p1a: Servine\n|-boost|p1a: Servine|atk|1\n|-boost|p1a: Servine|spa|0\n|\n|t:|1711488014\n|switch|p2a: Voltorb|Voltorb-Hisui, L5|100\/100|[from] Parting Shot\n|-damage|p2a: Voltorb|91\/100|[from] Stealth Rock\n|move|p1a: Servine|Knock Off|p2a: Voltorb\n|-damage|p2a: Voltorb|0 fnt\n|-enditem|p2a: Voltorb|Eviolite|[from] move: Knock Off|[of] p1a: Servine\n|faint|p2a: Voltorb\n|\n|upkeep\n|c|\u2606NaokiS2|minha servine\n|\n|t:|1711488018\n|switch|p2a: Impidimp|Impidimp, L5, M|74\/100\n|-damage|p2a: Impidimp|66\/100|[from] Stealth Rock\n|turn|9\n|c|\u2606NaokiS2|ta mt maromba\n|\n|t:|1711488023\n|move|p2a: Impidimp|Light Screen|p2a: Impidimp\n|-sidestart|p2: AmoSerPobre|move: Light Screen\n|move|p1a: Servine|Knock Off|p2a: Impidimp\n|-resisted|p2a: Impidimp\n|-damage|p2a: Impidimp|0 fnt\n|-enditem|p2a: Impidimp|Light Clay|[from] move: Knock Off|[of] p1a: Servine\n|faint|p2a: Impidimp\n|\n|win|NaokiS2\n|n|\u2606NaokiS2|naokis2\n|n|\u2606AmoSerPobre|amoserpobre\n|n| WanniBr|wannibr\n|n| Tunderboltz456|tunderboltz456\n|n| Cogumelo Raro|cogumeloraro\n","uploadtime":1711488023,"views":2,"formatid":"gen9nfe","rating":null,"private":0,"password":null}