{"id":"gen4ou-2093338958","format":"[Gen 4] OU","players":["hgkbgfxcvc","EABL XD"],"log":"|j|\u2606hgkbgfxcvc\n|j|\u2606EABL XD\n|t:|1711941329\n|gametype|singles\n|player|p1|hgkbgfxcvc|baker|1000\n|player|p2|EABL XD|1|1066\n|teamsize|p1|6\n|teamsize|p2|6\n|gen|4\n|tier|[Gen 4] OU\n|rated|\n|rule|Sleep Clause Mod: Limit one foe put to sleep\n|rule|Species Clause: Limit one of each Pok\u00e9mon\n|rule|OHKO Clause: OHKO moves are banned\n|rule|Evasion Items Clause: Evasion items are banned\n|rule|Evasion Moves Clause: Evasion moves are banned\n|rule|Endless Battle Clause: Forcing endless battles is banned\n|rule|HP Percentage Mod: HP is shown in percentages\n|rule|Evasion Abilities Clause: Evasion abilities are banned\n|rule|Baton Pass Stat Trap Clause: No Baton Passer may have a way to boost stats or trap Pok\u00e9mon\n|rule|Freeze Clause Mod: Limit one foe frozen\n|\n|t:|1711941329\n|start\n|switch|p1a: Heatran|Heatran, F|100\/100\n|switch|p2a: Inferver|Infernape, M|100\/100\n|turn|1\n|\n|t:|1711941333\n|move|p2a: Inferver|Fake Out|p1a: Heatran\n|-resisted|p1a: Heatran\n|-damage|p1a: Heatran|94\/100\n|cant|p1a: Heatran|flinch\n|\n|upkeep\n|turn|2\n|\n|t:|1711941337\n|move|p1a: Heatran|Earth Power|p2a: Inferver\n|-supereffective|p2a: Inferver\n|-damage|p2a: Inferver|1\/100\n|-enditem|p2a: Inferver|Focus Sash\n|move|p2a: Inferver|Stealth Rock|p1a: Heatran\n|-sidestart|p1: hgkbgfxcvc|move: Stealth Rock\n|\n|upkeep\n|turn|3\n|\n|t:|1711941341\n|move|p1a: Heatran|Earth Power|p2a: Inferver\n|-supereffective|p2a: Inferver\n|-damage|p2a: Inferver|0 fnt\n|faint|p2a: Inferver\n|\n|upkeep\n|\n|t:|1711941345\n|switch|p2a: Togorda|Togekiss, F|100\/100\n|turn|4\n|\n|t:|1711941348\n|switch|p1a: Blissey|Blissey, F|100\/100\n|-damage|p1a: Blissey|88\/100|[from] Stealth Rock\n|move|p2a: Togorda|Thunder Wave|p1a: Blissey\n|-status|p1a: Blissey|par\n|\n|-heal|p1a: Blissey|94\/100 par|[from] item: Leftovers\n|upkeep\n|turn|5\n|\n|t:|1711941356\n|-curestatus|p1a: Blissey|par|[from] ability: Natural Cure\n|switch|p1a: Heatran|Heatran, F|94\/100\n|-damage|p1a: Heatran|81\/100|[from] Stealth Rock\n|move|p2a: Togorda|Air Slash|p1a: Heatran\n|-resisted|p1a: Heatran\n|-damage|p1a: Heatran|62\/100\n|\n|upkeep\n|turn|6\n|\n|t:|1711941359\n|move|p1a: Heatran|Stealth Rock|p2a: Togorda\n|-sidestart|p2: EABL XD|move: Stealth Rock\n|move|p2a: Togorda|Thunder Wave|p1a: Heatran\n|-status|p1a: Heatran|par\n|\n|upkeep\n|turn|7\n|\n|t:|1711941361\n|switch|p1a: Blissey|Blissey, F|94\/100\n|-damage|p1a: Blissey|82\/100|[from] Stealth Rock\n|move|p2a: Togorda|Air Slash|p1a: Blissey\n|-damage|p1a: Blissey|66\/100\n|\n|-heal|p1a: Blissey|72\/100|[from] item: Leftovers\n|upkeep\n|turn|8\n|\n|t:|1711941363\n|move|p2a: Togorda|Air Slash|p1a: Blissey\n|-damage|p1a: Blissey|58\/100\n|cant|p1a: Blissey|flinch\n|\n|-heal|p1a: Blissey|64\/100|[from] item: Leftovers\n|upkeep\n|turn|9\n|\n|t:|1711941368\n|move|p2a: Togorda|Air Slash|p1a: Blissey\n|-crit|p1a: Blissey\n|-damage|p1a: Blissey|36\/100\n|move|p1a: Blissey|Wish|p1a: Blissey\n|\n|-heal|p1a: Blissey|42\/100|[from] item: Leftovers\n|upkeep\n|turn|10\n|\n|t:|1711941374\n|move|p2a: Togorda|Thunder Wave|p1a: Blissey\n|-status|p1a: Blissey|par\n|move|p1a: Blissey|Heal Bell|p1a: Blissey\n|-activate|p1a: Blissey|move: Heal Bell\n|-curestatus|p1a: Blissey|par|[silent]\n|-curestatus|p1: Heatran|par|[silent]\n|\n|-heal|p1a: Blissey|92\/100|[from] move: Wish|[wisher] Blissey\n|-heal|p1a: Blissey|98\/100|[from] item: Leftovers\n|upkeep\n|turn|11\n|\n|t:|1711941382\n|move|p1a: Blissey|Protect|p1a: Blissey\n|-singleturn|p1a: Blissey|Protect\n|move|p2a: Togorda|Ancient Power|p1a: Blissey\n|-activate|p1a: Blissey|Protect\n|\n|-heal|p1a: Blissey|100\/100|[from] item: Leftovers\n|upkeep\n|turn|12\n|\n|t:|1711941386\n|move|p2a: Togorda|Ancient Power|p1a: Blissey\n|-damage|p1a: Blissey|92\/100\n|-boost|p2a: Togorda|atk|1\n|-boost|p2a: Togorda|def|1\n|-boost|p2a: Togorda|spa|1\n|-boost|p2a: Togorda|spd|1\n|-boost|p2a: Togorda|spe|1\n|move|p1a: Blissey|Wish|p1a: Blissey\n|\n|-heal|p1a: Blissey|98\/100|[from] item: Leftovers\n|upkeep\n|turn|13\n|\n|t:|1711941390\n|switch|p1a: Heatran|Heatran, F|62\/100\n|-damage|p1a: Heatran|50\/100|[from] Stealth Rock\n|move|p2a: Togorda|Ancient Power|p1a: Heatran\n|-damage|p1a: Heatran|18\/100\n|-boost|p2a: Togorda|atk|1\n|-boost|p2a: Togorda|def|1\n|-boost|p2a: Togorda|spa|1\n|-boost|p2a: Togorda|spd|1\n|-boost|p2a: Togorda|spe|1\n|\n|-heal|p1a: Heatran|67\/100|[from] move: Wish|[wisher] Blissey\n|upkeep\n|turn|14\n|\n|t:|1711941395\n|move|p2a: Togorda|Thunder Wave|p1a: Heatran\n|-status|p1a: Heatran|par\n|cant|p1a: Heatran|par\n|\n|upkeep\n|turn|15\n|\n|t:|1711941401\n|switch|p1a: Blissey|Blissey, F|98\/100\n|-damage|p1a: Blissey|86\/100|[from] Stealth Rock\n|move|p2a: Togorda|Air Slash|p1a: Blissey\n|-damage|p1a: Blissey|57\/100\n|\n|-heal|p1a: Blissey|63\/100|[from] item: Leftovers\n|upkeep\n|turn|16\n|\n|t:|1711941404\n|move|p1a: Blissey|Protect|p1a: Blissey\n|-singleturn|p1a: Blissey|Protect\n|move|p2a: Togorda|Ancient Power|p1a: Blissey\n|-activate|p1a: Blissey|Protect\n|\n|-heal|p1a: Blissey|69\/100|[from] item: Leftovers\n|upkeep\n|turn|17\n|\n|t:|1711941407\n|move|p2a: Togorda|Ancient Power|p1a: Blissey\n|-damage|p1a: Blissey|53\/100\n|move|p1a: Blissey|Wish|p1a: Blissey\n|\n|-heal|p1a: Blissey|59\/100|[from] item: Leftovers\n|upkeep\n|turn|18\n|\n|t:|1711941411\n|move|p2a: Togorda|Ancient Power|p1a: Blissey\n|-damage|p1a: Blissey|42\/100\n|move|p1a: Blissey|Seismic Toss|p2a: Togorda\n|-damage|p2a: Togorda|68\/100\n|\n|-heal|p1a: Blissey|92\/100|[from] move: Wish|[wisher] Blissey\n|-heal|p1a: Blissey|98\/100|[from] item: Leftovers\n|upkeep\n|turn|19\n|\n|t:|1711941416\n|move|p2a: Togorda|Thunder Wave|p1a: Blissey\n|-status|p1a: Blissey|par\n|cant|p1a: Blissey|par\n|\n|-heal|p1a: Blissey|100\/100 par|[from] item: Leftovers\n|upkeep\n|turn|20\n|\n|t:|1711941419\n|-curestatus|p1a: Blissey|par|[from] ability: Natural Cure\n|switch|p1a: Heatran|Heatran, F|67\/100 par\n|-damage|p1a: Heatran|55\/100 par|[from] Stealth Rock\n|move|p2a: Togorda|Ancient Power|p1a: Heatran\n|-damage|p1a: Heatran|14\/100 par\n|\n|upkeep\n|turn|21\n|\n|t:|1711941421\n|move|p2a: Togorda|Ancient Power|p1a: Heatran\n|-damage|p1a: Heatran|0 fnt\n|-boost|p2a: Togorda|atk|1\n|-boost|p2a: Togorda|def|1\n|-boost|p2a: Togorda|spa|1\n|-boost|p2a: Togorda|spd|1\n|-boost|p2a: Togorda|spe|1\n|faint|p1a: Heatran\n|\n|upkeep\n|\n|t:|1711941424\n|switch|p1a: Blissey|Blissey, F|100\/100\n|-damage|p1a: Blissey|88\/100|[from] Stealth Rock\n|turn|22\n|\n|t:|1711941428\n|move|p2a: Togorda|Air Slash|p1a: Blissey\n|-damage|p1a: Blissey|49\/100\n|move|p1a: Blissey|Seismic Toss|p2a: Togorda\n|-damage|p2a: Togorda|36\/100\n|\n|-heal|p1a: Blissey|56\/100|[from] item: Leftovers\n|upkeep\n|turn|23\n|\n|t:|1711941433\n|move|p2a: Togorda|Air Slash|p1a: Blissey\n|-damage|p1a: Blissey|21\/100\n|move|p1a: Blissey|Seismic Toss|p2a: Togorda\n|-damage|p2a: Togorda|4\/100\n|\n|-heal|p1a: Blissey|27\/100|[from] item: Leftovers\n|upkeep\n|turn|24\n|\n|t:|1711941438\n|move|p1a: Blissey|Protect|p1a: Blissey\n|-singleturn|p1a: Blissey|Protect\n|move|p2a: Togorda|Air Slash|p1a: Blissey\n|-activate|p1a: Blissey|Protect\n|\n|-heal|p1a: Blissey|33\/100|[from] item: Leftovers\n|upkeep\n|turn|25\n|\n|t:|1711941440\n|move|p2a: Togorda|Air Slash|p1a: Blissey\n|-damage|p1a: Blissey|0 fnt\n|faint|p1a: Blissey\n|\n|upkeep\n|-message|hgkbgfxcvc forfeited.\n|\n|win|EABL XD\n|raw|hgkbgfxcvc's rating: 1000 &rarr; <strong>1000<\/strong><br \/>(+0 for losing)\n|raw|EABL XD's rating: 1066 &rarr; <strong>1090<\/strong><br \/>(+24 for winning)\n|l|\u2606hgkbgfxcvc\n|player|p1|\n","uploadtime":1711941446,"views":3,"formatid":"gen4ou","rating":1000,"private":0,"password":null}