{"id":"gen9uu-2093360048","format":"[Gen 9] UU","players":["Best Unkle Dan","slumbererer"],"log":"|j|\u2606Best Unkle Dan\n|j|\u2606slumbererer\n|t:|1711944344\n|gametype|singles\n|player|p1|Best Unkle Dan|169|1167\n|player|p2|slumbererer|101|1164\n|teamsize|p1|6\n|teamsize|p2|6\n|gen|9\n|tier|[Gen 9] UU\n|rated|\n|rule|Species Clause: Limit one of each Pok\u00e9mon\n|rule|OHKO Clause: OHKO moves are banned\n|rule|Evasion Items Clause: Evasion items are banned\n|rule|Evasion Moves Clause: Evasion moves are banned\n|rule|Endless Battle Clause: Forcing endless battles is banned\n|rule|HP Percentage Mod: HP is shown in percentages\n|rule|Sleep Moves Clause: Sleep-inducing moves are banned\n|clearpoke\n|poke|p1|Metagross|\n|poke|p1|Latios, M|\n|poke|p1|Rotom-Wash|\n|poke|p1|Scizor, M|\n|poke|p1|Iron Moth|\n|poke|p1|Mamoswine, M|\n|poke|p2|Hydrapple, M|\n|poke|p2|Cyclizar, M|\n|poke|p2|Mienshao, M|\n|poke|p2|Tornadus-Therian, M|\n|poke|p2|Slowbro, M|\n|poke|p2|Toxapex, M|\n|teampreview\n|inactive|Battle timer is ON: inactive players will automatically lose when time's up. (requested by slumbererer)\n|\n|t:|1711944369\n|start\n|switch|p1a: Metagross|Metagross, shiny|100\/100\n|switch|p2a: SHAO|Mienshao, M, shiny|100\/100\n|turn|1\n|inactive|slumbererer has 120 seconds left.\n|\n|t:|1711944401\n|move|p2a: SHAO|U-turn|p1a: Metagross\n|-damage|p1a: Metagross|75\/100\n|-damage|p2a: SHAO|91\/100|[from] item: Life Orb\n|\n|t:|1711944404\n|switch|p2a: BRO|Slowbro, M, shiny|100\/100|[from] U-turn\n|move|p1a: Metagross|Heavy Slam|p2a: BRO\n|-resisted|p2a: BRO\n|-damage|p2a: BRO|80\/100\n|\n|upkeep\n|turn|2\n|\n|t:|1711944431\n|switch|p1a: Rotom|Rotom-Wash|100\/100\n|move|p2a: BRO|Scald|p1a: Rotom\n|-resisted|p1a: Rotom\n|-damage|p1a: Rotom|85\/100\n|-status|p1a: Rotom|brn\n|\n|-heal|p1a: Rotom|91\/100 brn|[from] item: Leftovers\n|-damage|p1a: Rotom|85\/100 brn|[from] brn\n|upkeep\n|turn|3\n|inactive|slumbererer has 120 seconds left.\n|\n|t:|1711944455\n|switch|p2a: APPLE|Hydrapple, M|100\/100\n|move|p1a: Rotom|Thunderbolt|p2a: APPLE\n|-resisted|p2a: APPLE\n|-damage|p2a: APPLE|93\/100\n|\n|-heal|p1a: Rotom|91\/100 brn|[from] item: Leftovers\n|-heal|p2a: APPLE|99\/100|[from] item: Leftovers\n|-damage|p1a: Rotom|85\/100 brn|[from] brn\n|upkeep\n|turn|4\n|inactive|Best Unkle Dan has 120 seconds left.\n|\n|t:|1711944485\n|move|p1a: Rotom|Thunderbolt|p2a: APPLE\n|-resisted|p2a: APPLE\n|-crit|p2a: APPLE\n|-damage|p2a: APPLE|88\/100\n|move|p2a: APPLE|Nasty Plot|p2a: APPLE\n|-boost|p2a: APPLE|spa|2\n|\n|-heal|p1a: Rotom|91\/100 brn|[from] item: Leftovers\n|-heal|p2a: APPLE|94\/100|[from] item: Leftovers\n|-damage|p1a: Rotom|85\/100 brn|[from] brn\n|upkeep\n|turn|5\n|inactive|Best Unkle Dan has 120 seconds left.\n|\n|t:|1711944519\n|switch|p1a: Scizor|Scizor, M|100\/100\n|move|p2a: APPLE|Giga Drain|p1a: Scizor\n|-resisted|p1a: Scizor\n|-damage|p1a: Scizor|76\/100\n|-heal|p2a: APPLE|100\/100|[from] drain|[of] p1a: Scizor\n|\n|upkeep\n|turn|6\n|\n|t:|1711944533\n|move|p1a: Scizor|Bug Bite|p2a: APPLE\n|-supereffective|p2a: APPLE\n|-damage|p2a: APPLE|5\/100\n|-damage|p1a: Scizor|66\/100|[from] item: Life Orb\n|move|p2a: APPLE|Earth Power|p1a: Scizor\n|-damage|p1a: Scizor|0 fnt\n|faint|p1a: Scizor\n|\n|-heal|p2a: APPLE|11\/100|[from] item: Leftovers\n|upkeep\n|inactive|Best Unkle Dan has 90 seconds left.\n|\n|t:|1711944555\n|switch|p1a: Mamoswine|Mamoswine, M|100\/100\n|turn|7\n|\n|t:|1711944567\n|switch|p2a: BRO|Slowbro, M, shiny|100\/100\n|move|p1a: Mamoswine|Knock Off|p2a: BRO\n|-supereffective|p2a: BRO\n|-damage|p2a: BRO|49\/100\n|-enditem|p2a: BRO|Heavy-Duty Boots|[from] move: Knock Off|[of] p1a: Mamoswine\n|\n|upkeep\n|turn|8\n|inactive|Best Unkle Dan has 90 seconds left.\n|\n|t:|1711944590\n|switch|p1a: Rotom|Rotom-Wash|85\/100 brn\n|move|p2a: BRO|Slack Off|p2a: BRO\n|-heal|p2a: BRO|99\/100\n|\n|-heal|p1a: Rotom|91\/100 brn|[from] item: Leftovers\n|-damage|p1a: Rotom|85\/100 brn|[from] brn\n|upkeep\n|turn|9\n|\n|t:|1711944594\n|switch|p2a: APPLE|Hydrapple, M|44\/100\n|move|p1a: Rotom|Nasty Plot|p1a: Rotom\n|-boost|p1a: Rotom|spa|2\n|\n|-heal|p1a: Rotom|91\/100 brn|[from] item: Leftovers\n|-heal|p2a: APPLE|50\/100|[from] item: Leftovers\n|-damage|p1a: Rotom|85\/100 brn|[from] brn\n|upkeep\n|turn|10\n|\n|t:|1711944609\n|move|p1a: Rotom|Thunderbolt|p2a: APPLE\n|-resisted|p2a: APPLE\n|-damage|p2a: APPLE|34\/100\n|move|p2a: APPLE|Giga Drain|p1a: Rotom\n|-supereffective|p1a: Rotom\n|-damage|p1a: Rotom|4\/100 brn\n|-heal|p2a: APPLE|64\/100|[from] drain|[of] p1a: Rotom\n|\n|-heal|p1a: Rotom|10\/100 brn|[from] item: Leftovers\n|-heal|p2a: APPLE|70\/100|[from] item: Leftovers\n|-damage|p1a: Rotom|4\/100 brn|[from] brn\n|upkeep\n|turn|11\n|\n|t:|1711944617\n|move|p1a: Rotom|Thunderbolt|p2a: APPLE\n|-resisted|p2a: APPLE\n|-damage|p2a: APPLE|53\/100\n|move|p2a: APPLE|Earth Power|p1a: Rotom\n|-immune|p1a: Rotom|[from] ability: Levitate\n|\n|-heal|p1a: Rotom|10\/100 brn|[from] item: Leftovers\n|-heal|p2a: APPLE|59\/100|[from] item: Leftovers\n|-damage|p1a: Rotom|4\/100 brn|[from] brn\n|upkeep\n|turn|12\n|\n|t:|1711944624\n|move|p1a: Rotom|Hydro Pump|p2a: APPLE\n|-resisted|p2a: APPLE\n|-damage|p2a: APPLE|41\/100\n|move|p2a: APPLE|Giga Drain|p1a: Rotom\n|-supereffective|p1a: Rotom\n|-damage|p1a: Rotom|0 fnt\n|-heal|p2a: APPLE|42\/100|[from] drain|[of] p1a: Rotom\n|faint|p1a: Rotom\n|\n|-heal|p2a: APPLE|48\/100|[from] item: Leftovers\n|upkeep\n|\n|t:|1711944627\n|switch|p1a: Mamoswine|Mamoswine, M|100\/100\n|turn|13\n|\n|t:|1711944631\n|switch|p2a: BRO|Slowbro, M, shiny|100\/100\n|move|p1a: Mamoswine|Icicle Crash|p2a: BRO\n|-resisted|p2a: BRO\n|-damage|p2a: BRO|81\/100\n|\n|upkeep\n|turn|14\n|\n|t:|1711944641\n|switch|p1a: Latios|Latios, M|100\/100\n|move|p2a: BRO|Scald|p1a: Latios\n|-resisted|p1a: Latios\n|-damage|p1a: Latios|87\/100\n|\n|upkeep\n|turn|15\n|\n|t:|1711944645\n|move|p1a: Latios|Calm Mind|p1a: Latios\n|-boost|p1a: Latios|spa|1\n|-boost|p1a: Latios|spd|1\n|move|p2a: BRO|Foul Play|p1a: Latios\n|-supereffective|p1a: Latios\n|-damage|p1a: Latios|42\/100\n|\n|upkeep\n|turn|16\n|\n|t:|1711944651\n|move|p1a: Latios|Dragon Pulse|p2a: BRO\n|-damage|p2a: BRO|9\/100\n|move|p2a: BRO|Foul Play|p1a: Latios\n|-supereffective|p1a: Latios\n|-damage|p1a: Latios|0 fnt\n|faint|p1a: Latios\n|\n|upkeep\n|\n|t:|1711944655\n|switch|p1a: Metagross|Metagross, shiny|75\/100\n|turn|17\n|\n|t:|1711944658\n|switch|p2a: PEX|Toxapex, M, shiny|100\/100\n|move|p1a: Metagross|Heavy Slam|p2a: PEX\n|-resisted|p2a: PEX\n|-damage|p2a: PEX|82\/100\n|-damage|p1a: Metagross|59\/100|[from] item: Rocky Helmet|[of] p2a: PEX\n|\n|upkeep\n|turn|18\n|\n|t:|1711944668\n|move|p1a: Metagross|Psychic Fangs|p2a: PEX\n|-supereffective|p2a: PEX\n|-damage|p2a: PEX|26\/100\n|-damage|p1a: Metagross|42\/100|[from] item: Rocky Helmet|[of] p2a: PEX\n|move|p2a: PEX|Liquidation|p1a: Metagross\n|-damage|p1a: Metagross|28\/100\n|\n|upkeep\n|turn|19\n|\n|t:|1711944687\n|switch|p2a: TORN|Tornadus-Therian, M|100\/100\n|move|p1a: Metagross|Psychic Fangs|p2a: TORN\n|-damage|p2a: TORN|49\/100\n|\n|upkeep\n|turn|20\n|\n|t:|1711944699\n|move|p2a: TORN|Knock Off|p1a: Metagross\n|-supereffective|p1a: Metagross\n|-damage|p1a: Metagross|0 fnt\n|-enditem|p1a: Metagross|Custap Berry|[from] move: Knock Off|[of] p2a: TORN\n|faint|p1a: Metagross\n|\n|upkeep\n|\n|t:|1711944702\n|switch|p1a: Mamoswine|Mamoswine, M|100\/100\n|turn|21\n|\n|t:|1711944709\n|switch|p2a: BRO|Slowbro, M, shiny|42\/100\n|move|p1a: Mamoswine|Icicle Crash|p2a: BRO|[miss]\n|-miss|p1a: Mamoswine|p2a: BRO\n|\n|upkeep\n|turn|22\n|-message|Best Unkle Dan forfeited.\n|\n|win|slumbererer\n|raw|Best Unkle Dan's rating: 1167 &rarr; <strong>1142<\/strong><br \/>(-25 for losing)\n|raw|slumbererer's rating: 1164 &rarr; <strong>1189<\/strong><br \/>(+25 for winning)\n|l|\u2606Best Unkle Dan\n|player|p1|\n|l|\u2606slumbererer\n|player|p2|\n","uploadtime":1711945002,"views":0,"formatid":"gen9uu","rating":1142,"private":0,"password":null}