|j|☆Avinatamu
|j|☆210p inkjet
|t:|1711946426
|gametype|singles
|player|p1|Avinatamu|266|1158
|player|p2|210p inkjet|aromalady-gen6|1413
|teamsize|p1|6
|teamsize|p2|6
|gen|9
|tier|[Gen 9] UU
|rated|
|rule|Species Clause: Limit one of each Pokémon
|rule|OHKO Clause: OHKO moves are banned
|rule|Evasion Items Clause: Evasion items are banned
|rule|Evasion Moves Clause: Evasion moves are banned
|rule|Endless Battle Clause: Forcing endless battles is banned
|rule|HP Percentage Mod: HP is shown in percentages
|rule|Sleep Moves Clause: Sleep-inducing moves are banned
|clearpoke
|poke|p1|Excadrill, F|
|poke|p1|Hawlucha, F|
|poke|p1|Indeedee, M|
|poke|p1|Polteageist|
|poke|p1|Iron Crown|
|poke|p1|Mandibuzz, F|
|poke|p2|Mandibuzz, F|
|poke|p2|Hydrapple, M|
|poke|p2|Lokix, M|
|poke|p2|Rhyperior, F|
|poke|p2|Empoleon, F|
|poke|p2|Mienshao, F|
|teampreview
|inactive|Battle timer is ON: inactive players will automatically lose when time's up. (requested by Avinatamu)
|inactive|210p inkjet has 120 seconds left.
|inactive|210p inkjet has 90 seconds left.
|
|t:|1711946509
|start
|switch|p1a: Excadrill|Excadrill, F|100/100
|switch|p2a: Rhyperior|Rhyperior, F|100/100
|-ability|p1a: Excadrill|Mold Breaker
|turn|1
|
|t:|1711946537
|move|p1a: Excadrill|Earthquake|p2a: Rhyperior
|-supereffective|p2a: Rhyperior
|-damage|p2a: Rhyperior|38/100
|move|p2a: Rhyperior|Earthquake|p1a: Excadrill
|-supereffective|p1a: Excadrill
|-enditem|p1a: Excadrill|Focus Sash
|-damage|p1a: Excadrill|1/100
|
|-heal|p2a: Rhyperior|44/100|[from] item: Leftovers
|upkeep
|turn|2
|
|t:|1711946548
|switch|p2a: Mandibuzz|Mandibuzz, F|100/100
|move|p1a: Excadrill|Earthquake|p2a: Mandibuzz
|-immune|p2a: Mandibuzz
|
|upkeep
|turn|3
|
|t:|1711946561
|switch|p1a: Iron Crown|Iron Crown|100/100
|-enditem|p1a: Iron Crown|Booster Energy
|-activate|p1a: Iron Crown|ability: Quark Drive|[fromitem]
|-start|p1a: Iron Crown|quarkdrivespe
|move|p2a: Mandibuzz|U-turn|p1a: Iron Crown
|-crit|p1a: Iron Crown
|-damage|p1a: Iron Crown|84/100
|
|t:|1711946569
|switch|p2a: Empoleon|Empoleon, F|100/100|[from] U-turn
|
|upkeep
|turn|4
|
|t:|1711946574
|move|p1a: Iron Crown|Focus Blast|p2a: Empoleon
|-supereffective|p2a: Empoleon
|-damage|p2a: Empoleon|54/100
|move|p2a: Empoleon|Flip Turn|p1a: Iron Crown
|-damage|p1a: Iron Crown|67/100
|
|t:|1711946582
|switch|p2a: Mienshao|Mienshao, F|100/100|[from] Flip Turn
|
|upkeep
|turn|5
|inactive|210p inkjet has 120 seconds left.
|
|t:|1711946605
|move|p2a: Mienshao|U-turn|p1a: Iron Crown
|-damage|p1a: Iron Crown|42/100
|
|t:|1711946610
|switch|p2a: Mandibuzz|Mandibuzz, F|100/100|[from] U-turn
|move|p1a: Iron Crown|Expanding Force|p2a: Mandibuzz
|-immune|p2a: Mandibuzz
|
|upkeep
|turn|6
|
|t:|1711946620
|move|p1a: Iron Crown|Calm Mind|p1a: Iron Crown
|-boost|p1a: Iron Crown|spa|1
|-boost|p1a: Iron Crown|spd|1
|move|p2a: Mandibuzz|Foul Play|p1a: Iron Crown
|-supereffective|p1a: Iron Crown
|-damage|p1a: Iron Crown|2/100
|
|upkeep
|turn|7
|
|t:|1711946635
|move|p1a: Iron Crown|Tachyon Cutter|p2a: Mandibuzz
|-damage|p2a: Mandibuzz|73/100
|-damage|p2a: Mandibuzz|40/100
|-hitcount|p2a: Mandibuzz|2
|move|p2a: Mandibuzz|Foul Play|p1a: Iron Crown
|-supereffective|p1a: Iron Crown
|-damage|p1a: Iron Crown|0 fnt
|faint|p1a: Iron Crown
|-end|p1a: Iron Crown|Quark Drive|[silent]
|
|upkeep
|
|t:|1711946648
|switch|p1a: Excadrill|Excadrill, F|1/100
|-ability|p1a: Excadrill|Mold Breaker
|turn|8
|
|t:|1711946659
|move|p1a: Excadrill|Rock Tomb|p2a: Mandibuzz|[miss]
|-miss|p1a: Excadrill|p2a: Mandibuzz
|move|p2a: Mandibuzz|Roost|p2a: Mandibuzz
|-heal|p2a: Mandibuzz|91/100
|-singleturn|p2a: Mandibuzz|move: Roost
|
|upkeep
|turn|9
|
|t:|1711946669
|switch|p2a: Hydrapple|Hydrapple, M|100/100
|move|p1a: Excadrill|Stealth Rock|p2a: Hydrapple
|-sidestart|p2: 210p inkjet|move: Stealth Rock
|
|upkeep
|turn|10
|
|t:|1711946680
|move|p1a: Excadrill|Rock Tomb|p2a: Hydrapple
|-damage|p2a: Hydrapple|85/100
|-unboost|p2a: Hydrapple|spe|1
|move|p2a: Hydrapple|Giga Drain|p1a: Excadrill
|-damage|p1a: Excadrill|0 fnt
|-heal|p2a: Hydrapple|85/100|[from] drain|[of] p1a: Excadrill
|faint|p1a: Excadrill
|
|upkeep
|
|t:|1711946694
|switch|p1a: Hawlucha|Hawlucha, F|100/100
|turn|11
|
|t:|1711946708
|move|p1a: Hawlucha|Acrobatics|p2a: Hydrapple
|-supereffective|p2a: Hydrapple
|-damage|p2a: Hydrapple|51/100
|move|p2a: Hydrapple|Fickle Beam|p1a: Hawlucha
|-damage|p1a: Hawlucha|31/100
|
|upkeep
|turn|12
|
|t:|1711946717
|move|p1a: Hawlucha|Acrobatics|p2a: Hydrapple
|-supereffective|p2a: Hydrapple
|-damage|p2a: Hydrapple|16/100
|move|p2a: Hydrapple|Fickle Beam|p1a: Hawlucha|[anim] Fickle Beam All Out
|-activate|p2a: Hydrapple|move: Fickle Beam
|-damage|p1a: Hawlucha|0 fnt
|faint|p1a: Hawlucha
|
|upkeep
|
|t:|1711946731
|switch|p1a: Polteageist|Polteageist|100/100
|turn|13
|
|t:|1711946737
|move|p1a: Polteageist|Shadow Ball|p2a: Hydrapple
|-damage|p2a: Hydrapple|0 fnt
|faint|p2a: Hydrapple
|
|upkeep
|
|t:|1711946753
|switch|p2a: Mienshao|Mienshao, F|100/100
|-damage|p2a: Mienshao|95/100|[from] Stealth Rock
|turn|14
|
|t:|1711946762
|move|p2a: Mienshao|Knock Off|p1a: Polteageist
|-supereffective|p1a: Polteageist
|-enditem|p1a: Polteageist|Focus Sash
|-damage|p1a: Polteageist|1/100
|-ability|p1a: Polteageist|Weak Armor|boost
|-unboost|p1a: Polteageist|def|1
|-boost|p1a: Polteageist|spe|2
|move|p1a: Polteageist|Shell Smash|p1a: Polteageist
|-unboost|p1a: Polteageist|def|1
|-unboost|p1a: Polteageist|spd|1
|-boost|p1a: Polteageist|atk|2
|-boost|p1a: Polteageist|spa|2
|-boost|p1a: Polteageist|spe|2
|
|upkeep
|turn|15
|inactive|210p inkjet has 120 seconds left.
|
|t:|1711946802
|switch|p2a: Empoleon|Empoleon, F|54/100
|-damage|p2a: Empoleon|48/100|[from] Stealth Rock
|move|p1a: Polteageist|Shadow Ball|p2a: Empoleon
|-damage|p2a: Empoleon|0 fnt
|faint|p2a: Empoleon
|
|upkeep
|
|t:|1711946810
|switch|p2a: Lokix|Lokix, M|100/100
|turn|16
|
|t:|1711946813
|switch|p1a: Mandibuzz|Mandibuzz, F|100/100
|move|p2a: Lokix|First Impression|p1a: Mandibuzz
|-damage|p1a: Mandibuzz|75/100
|-damage|p2a: Lokix|84/100|[from] item: Rocky Helmet|[of] p1a: Mandibuzz
|
|upkeep
|turn|17
|
|t:|1711946826
|move|p2a: Lokix|U-turn|p1a: Mandibuzz
|-damage|p1a: Mandibuzz|54/100
|-damage|p2a: Lokix|67/100|[from] item: Rocky Helmet|[of] p1a: Mandibuzz
|
|t:|1711946832
|switch|p2a: Mandibuzz|Mandibuzz, F|91/100|[from] U-turn
|move|p1a: Mandibuzz|Foul Play|p2a: Mandibuzz
|-resisted|p2a: Mandibuzz
|-damage|p2a: Mandibuzz|85/100
|
|upkeep
|turn|18
|
|t:|1711946839
|move|p2a: Mandibuzz|Toxic|p1a: Mandibuzz
|-status|p1a: Mandibuzz|tox
|move|p1a: Mandibuzz|Toxic|p2a: Mandibuzz
|-status|p2a: Mandibuzz|tox
|
|-damage|p2a: Mandibuzz|79/100 tox|[from] psn
|-damage|p1a: Mandibuzz|48/100 tox|[from] psn
|upkeep
|turn|19
|
|t:|1711946855
|move|p2a: Mandibuzz|U-turn|p1a: Mandibuzz
|-damage|p1a: Mandibuzz|42/100 tox
|-damage|p2a: Mandibuzz|62/100 tox|[from] item: Rocky Helmet|[of] p1a: Mandibuzz
|
|t:|1711946863
|switch|p2a: Mienshao|Mienshao, F|100/100|[from] U-turn
|-damage|p2a: Mienshao|95/100|[from] Stealth Rock
|move|p1a: Mandibuzz|Roost|p1a: Mandibuzz
|-heal|p1a: Mandibuzz|92/100 tox
|-singleturn|p1a: Mandibuzz|move: Roost
|
|-damage|p1a: Mandibuzz|80/100 tox|[from] psn
|upkeep
|turn|20
|inactive|210p inkjet has 120 seconds left.
|
|t:|1711946885
|move|p2a: Mienshao|Triple Axel|p1a: Mandibuzz
|-supereffective|p1a: Mandibuzz
|-damage|p1a: Mandibuzz|72/100 tox
|-damage|p2a: Mienshao|78/100|[from] item: Rocky Helmet|[of] p1a: Mandibuzz
|-supereffective|p1a: Mandibuzz
|-damage|p1a: Mandibuzz|56/100 tox
|-damage|p2a: Mienshao|61/100|[from] item: Rocky Helmet|[of] p1a: Mandibuzz
|-supereffective|p1a: Mandibuzz
|-damage|p1a: Mandibuzz|31/100 tox
|-damage|p2a: Mienshao|45/100|[from] item: Rocky Helmet|[of] p1a: Mandibuzz
|-hitcount|p1a: Mandibuzz|3
|move|p1a: Mandibuzz|Foul Play|p2a: Mienshao
|-resisted|p2a: Mienshao
|-damage|p2a: Mienshao|0 fnt
|faint|p2a: Mienshao
|
|-damage|p1a: Mandibuzz|13/100 tox|[from] psn
|upkeep
|
|t:|1711946903
|switch|p2a: Lokix|Lokix, M|67/100
|turn|21
|
|t:|1711946907
|move|p2a: Lokix|Knock Off|p1a: Mandibuzz
|-resisted|p1a: Mandibuzz
|-damage|p1a: Mandibuzz|0 fnt
|-damage|p2a: Lokix|51/100|[from] item: Rocky Helmet|[of] p1a: Mandibuzz
|-enditem|p1a: Mandibuzz|Rocky Helmet|[from] move: Knock Off|[of] p2a: Lokix
|faint|p1a: Mandibuzz
|
|upkeep
|
|t:|1711946911
|switch|p1a: Indeedee|Indeedee, M|100/100
|-fieldstart|move: Psychic Terrain|[from] ability: Psychic Surge|[of] p1a: Indeedee
|turn|22
|
|t:|1711946922
|move|p1a: Indeedee|Healing Wish|p1a: Indeedee
|faint|p1a: Indeedee
|move|p2a: Lokix|Knock Off|p1: Indeedee|[notarget]
|-fail|p2a: Lokix
|
|upkeep
|
|t:|1711946927
|switch|p1a: Polteageist|Polteageist|1/100
|-heal|p1a: Polteageist|100/100|[from] move: Healing Wish
|turn|23
|
|t:|1711946931
|move|p2a: Lokix|Knock Off|p1a: Polteageist
|-supereffective|p1a: Polteageist
|-damage|p1a: Polteageist|0 fnt
|faint|p1a: Polteageist
|
|win|210p inkjet
|raw|Avinatamu's rating: 1158 &rarr; <strong>1149</strong><br />(-9 for losing)
|raw|210p inkjet's rating: 1413 &rarr; <strong>1420</strong><br />(+7 for winning)
|l|☆Avinatamu
|player|p1|
|l|☆210p inkjet
|player|p2|
