{"id":"gen8randombattle-2093325990","format":"[Gen 8] Random Battle","players":["yerpptheder","lh79p"],"log":"|j|\u2606yerpptheder\n|j|\u2606lh79p\n|t:|1711939642\n|gametype|singles\n|player|p1|yerpptheder|miku-ground|1265\n|player|p2|lh79p|dawn|1000\n|teamsize|p1|6\n|teamsize|p2|6\n|gen|8\n|tier|[Gen 8] Random Battle\n|rated|\n|rule|Species Clause: Limit one of each Pok\u00e9mon\n|rule|HP Percentage Mod: HP is shown in percentages\n|rule|Sleep Clause Mod: Limit one foe put to sleep\n|rule|Illusion Level Mod: Illusion disguises the Pok\u00e9mon's true level\n|\n|t:|1711939642\n|start\n|switch|p1a: Inteleon|Inteleon, L80, F|243\/243\n|switch|p2a: Ditto|Ditto, L76|198\/198\n|-transform|p2a: Ditto|p1a: Inteleon|[from] ability: Imposter\n|turn|1\n|\n|t:|1711939652\n|switch|p1a: Tapu Koko|Tapu Koko, L77|234\/234\n|-fieldstart|move: Electric Terrain|[from] ability: Electric Surge|[of] p1a: Tapu Koko\n|move|p2a: Ditto|Air Slash|p1a: Tapu Koko|[miss]\n|-miss|p2a: Ditto|p1a: Tapu Koko\n|\n|upkeep\n|turn|2\n|-message|lh79p forfeited.\n|\n|win|yerpptheder\n|raw|yerpptheder's rating: 1265 &rarr; <strong>1274<\/strong><br \/>(+9 for winning)\n|raw|lh79p's rating: 1000 &rarr; <strong>1000<\/strong><br \/>(+0 for losing)\n|l|\u2606lh79p\n|player|p2|\n","inputlog":">version 6cdde67ed88b47ab6b8ae5717517ae7b5d1ef27b\n>start {\"formatid\":\"gen8randombattle\",\"seed\":[28923,38381,16507,64613],\"rated\":\"Rated battle\"}\n>player p1 {\"name\":\"yerpptheder\",\"avatar\":\"miku-ground\",\"rating\":1265,\"seed\":[5092,51157,29570,62820]}\n>player p2 {\"name\":\"lh79p\",\"avatar\":\"dawn\",\"rating\":1000,\"seed\":[17429,25014,28923,30813]}\n>p1 switch 2\n>p2 move airslash\n>forcelose p2","uploadtime":1711939658,"views":0,"formatid":"gen8randombattle","rating":1000,"private":0,"password":null}