{"id":"gen9balancedhackmons-2092863685","format":"[Gen 9] Balanced Hackmons","players":["Alemezzagialla","caionamax"],"log":"|j|\u2606Alemezzagialla\n|j|\u2606caionamax\n|t:|1711880318\n|gametype|singles\n|player|p1|Alemezzagialla|adaman|1417\n|player|p2|caionamax|dragontamer|1428\n|teamsize|p1|6\n|teamsize|p2|6\n|gen|9\n|tier|[Gen 9] Balanced Hackmons\n|rated|\n|rule|OHKO Clause: OHKO moves are banned\n|rule|Evasion Clause: Evasion abilities, items, and moves are banned\n|rule|Evasion Abilities Clause: Evasion abilities are banned\n|rule|Evasion Items Clause: Evasion items are banned\n|rule|Evasion Moves Clause: Evasion moves are banned\n|rule|Species Clause: Limit one of each Pok\u00e9mon\n|rule|HP Percentage Mod: HP is shown in percentages\n|rule|Sleep Moves Clause: Sleep-inducing moves are banned\n|rule|Endless Battle Clause: Forcing endless battles is banned\n|rule|Species Reveal Clause: Reveals a Pok\u00e9mon's true species in hackmons-based metagames.\n|rule|Terastal Clause: You cannot Terastallize\n|clearpoke\n|poke|p1|Slowbro-Mega, M|\n|poke|p1|Ting-Lu|\n|poke|p1|Arceus-Ghost|\n|poke|p1|Lunala|\n|poke|p1|Eternatus|\n|poke|p1|Palkia-Origin|\n|poke|p2|Alakazam-Mega, F|\n|poke|p2|Koraidon|\n|poke|p2|Chansey, F|\n|poke|p2|Miraidon|\n|poke|p2|Arceus-Fairy|\n|poke|p2|Aegislash, M|\n|teampreview\n|inactive|Battle timer is ON: inactive players will automatically lose when time's up. (requested by caionamax)\n|\n|t:|1711880328\n|start\n|switch|p1a: Slowbro|Slowbro-Mega, M|100\/100\n|switch|p2a: MIU MIU|Alakazam-Mega, F|100\/100\n|-ability|p2a: MIU MIU|Beads of Ruin\n|turn|1\n|\n|t:|1711880334\n|move|p1a: Slowbro|Light Screen|p1a: Slowbro\n|-sidestart|p1: Alemezzagialla|move: Light Screen\n|move|p2a: MIU MIU|Fleur Cannon|p1a: Slowbro\n|-damage|p1a: Slowbro|60\/100\n|-unboost|p2a: MIU MIU|spa|2\n|\n|upkeep\n|turn|2\n|\n|t:|1711880339\n|switch|p2a: EVA|Chansey, F|100\/100\n|-transform|p2a: EVA|p1a: Slowbro|[from] ability: Imposter\n|move|p1a: Slowbro|Reflect|p1a: Slowbro\n|-sidestart|p1: Alemezzagialla|Reflect\n|\n|upkeep\n|turn|3\n|\n|t:|1711880354\n|switch|p1a: Lunala|Lunala|100\/100\n|move|p2a: EVA|Light Screen|p2a: EVA\n|-sidestart|p2: caionamax|move: Light Screen\n|\n|upkeep\n|turn|4\n|\n|t:|1711880360\n|move|p2a: EVA|Haze|p2a: EVA\n|-clearallboost\n|move|p1a: Lunala|No Retreat|p1a: Lunala\n|-boost|p1a: Lunala|atk|2\n|-boost|p1a: Lunala|def|2\n|-boost|p1a: Lunala|spa|2\n|-boost|p1a: Lunala|spd|2\n|-boost|p1a: Lunala|spe|2\n|-start|p1a: Lunala|move: No Retreat\n|\n|upkeep\n|turn|5\n|\n|t:|1711880367\n|move|p2a: EVA|Haze|p2a: EVA\n|-clearallboost\n|move|p1a: Lunala|Judgment|p2a: EVA\n|-supereffective|p2a: EVA\n|-damage|p2a: EVA|80\/100\n|\n|upkeep\n|turn|6\n|\n|t:|1711880375\n|switch|p1a: Slowbro|Slowbro-Mega, M|60\/100\n|switch|p2a: L'ULTIMA POESIA|Arceus-Fairy|100\/100\n|\n|upkeep\n|turn|7\n|\n|t:|1711880381\n|move|p1a: Slowbro|Recover|p1a: Slowbro\n|-heal|p1a: Slowbro|100\/100\n|move|p2a: L'ULTIMA POESIA|Knock Off|p1a: Slowbro\n|-supereffective|p1a: Slowbro\n|-damage|p1a: Slowbro|90\/100\n|-enditem|p1a: Slowbro|Light Clay|[from] move: Knock Off|[of] p2a: L'ULTIMA POESIA\n|\n|-sideend|p2: caionamax|move: Light Screen\n|upkeep\n|turn|8\n|\n|t:|1711880391\n|switch|p2a: I P' ME TU P' TE|Aegislash, M, shiny|100\/100\n|move|p1a: Slowbro|Reflect||[still]\n|-fail|p1a: Slowbro\n|\n|-sideend|p1: Alemezzagialla|move: Light Screen\n|upkeep\n|turn|9\n|\n|t:|1711880395\n|move|p1a: Slowbro|Light Screen|p1a: Slowbro\n|-sidestart|p1: Alemezzagialla|move: Light Screen\n|move|p2a: I P' ME TU P' TE|Spikes|p1a: Slowbro\n|-sidestart|p1: Alemezzagialla|Spikes\n|\n|-sideend|p1: Alemezzagialla|Reflect\n|upkeep\n|turn|10\n|\n|t:|1711880400\n|move|p1a: Slowbro|Reflect|p1a: Slowbro\n|-sidestart|p1: Alemezzagialla|Reflect\n|move|p2a: I P' ME TU P' TE|Spikes|p1a: Slowbro\n|-sidestart|p1: Alemezzagialla|Spikes\n|\n|upkeep\n|turn|11\n|\n|t:|1711880405\n|switch|p1a: Ting-Lu|Ting-Lu|100\/100\n|move|p2a: I P' ME TU P' TE|Spikes|p1a: Ting-Lu\n|-sidestart|p1: Alemezzagialla|Spikes\n|\n|upkeep\n|turn|12\n|\n|t:|1711880411\n|switch|p2a: EVA|Chansey, F|80\/100\n|-transform|p2a: EVA|p1a: Ting-Lu|[from] ability: Imposter\n|move|p1a: Ting-Lu|Teleport|p1a: Ting-Lu\n|\n|t:|1711880419\n|switch|p1a: Slowbro|Slowbro-Mega, M|90\/100|[from] Teleport\n|-damage|p1a: Slowbro|65\/100|[from] Spikes\n|\n|upkeep\n|turn|13\n|\n|t:|1711880436\n|switch|p1a: Ting-Lu|Ting-Lu|100\/100\n|move|p2a: EVA|Teleport|p2a: EVA\n|\n|t:|1711880443\n|switch|p2a: I P' ME TU P' TE|Aegislash, M, shiny|100\/100|[from] Teleport\n|\n|-sideend|p1: Alemezzagialla|move: Light Screen\n|upkeep\n|turn|14\n|\n|t:|1711880447\n|move|p2a: I P' ME TU P' TE|Parting Shot|p1a: Ting-Lu\n|-hint|Since gen 7, Dark is immune to Prankster moves.\n|-immune|p1a: Ting-Lu\n|move|p1a: Ting-Lu|Teleport|p1a: Ting-Lu\n|\n|t:|1711880451\n|switch|p1a: Slowbro|Slowbro-Mega, M|65\/100|[from] Teleport\n|-damage|p1a: Slowbro|41\/100|[from] Spikes\n|\n|-sideend|p1: Alemezzagialla|Reflect\n|upkeep\n|turn|15\n|\n|t:|1711880454\n|move|p1a: Slowbro|Recover|p1a: Slowbro\n|-heal|p1a: Slowbro|91\/100\n|move|p2a: I P' ME TU P' TE|Parting Shot|p1a: Slowbro\n|-unboost|p1a: Slowbro|atk|1\n|-unboost|p1a: Slowbro|spa|1\n|\n|t:|1711880458\n|switch|p2a: COME UN TUONO|Miraidon|100\/100|[from] Parting Shot\n|\n|upkeep\n|turn|16\n|\n|t:|1711880463\n|switch|p1a: Ting-Lu|Ting-Lu|100\/100\n|move|p2a: COME UN TUONO|Mortal Spin|p1a: Ting-Lu\n|-resisted|p1a: Ting-Lu\n|-damage|p1a: Ting-Lu|99\/100\n|-status|p1a: Ting-Lu|psn\n|\n|-damage|p1a: Ting-Lu|87\/100 psn|[from] psn\n|upkeep\n|turn|17\n|\n|t:|1711880468\n|switch|p2a: I P' ME TU P' TE|Aegislash, M, shiny|100\/100\n|move|p1a: Ting-Lu|Rapid Spin|p2a: I P' ME TU P' TE\n|-immune|p2a: I P' ME TU P' TE\n|\n|-damage|p1a: Ting-Lu|75\/100 psn|[from] psn\n|upkeep\n|turn|18\n|\n|t:|1711880471\n|move|p2a: I P' ME TU P' TE|Parting Shot|p1a: Ting-Lu\n|-hint|Since gen 7, Dark is immune to Prankster moves.\n|-immune|p1a: Ting-Lu\n|move|p1a: Ting-Lu|Teleport|p1a: Ting-Lu\n|\n|t:|1711880473\n|switch|p1a: Slowbro|Slowbro-Mega, M|91\/100|[from] Teleport\n|-damage|p1a: Slowbro|66\/100|[from] Spikes\n|\n|upkeep\n|turn|19\n|\n|t:|1711880477\n|move|p1a: Slowbro|Reflect|p1a: Slowbro\n|-sidestart|p1: Alemezzagialla|Reflect\n|move|p2a: I P' ME TU P' TE|Parting Shot|p1a: Slowbro\n|-unboost|p1a: Slowbro|atk|1\n|-unboost|p1a: Slowbro|spa|1\n|\n|t:|1711880481\n|switch|p2a: COME UN TUONO|Miraidon|100\/100|[from] Parting Shot\n|\n|upkeep\n|turn|20\n|c|\u2606Alemezzagialla|Spe Bro sei ita?\n|c|\u2606Alemezzagialla|Ho notato solo ora i nomi\n|c|\u2606caionamax|ovvio\n|c|\u2606caionamax|buona pasqua caro\n|inactive|Alemezzagialla has 120 seconds left.\n|c|\u2606Alemezzagialla|Anche a te\n|\n|t:|1711880521\n|move|p1a: Slowbro|Light Screen|p1a: Slowbro\n|-sidestart|p1: Alemezzagialla|move: Light Screen\n|move|p2a: COME UN TUONO|Thunder Cage|p1a: Slowbro\n|-supereffective|p1a: Slowbro\n|-damage|p1a: Slowbro|33\/100\n|-activate|p1a: Slowbro|move: Thunder Cage|[of] p2a: COME UN TUONO\n|\n|-damage|p1a: Slowbro|20\/100|[from] move: Thunder Cage|[partiallytrapped]\n|upkeep\n|turn|21\n|c|\u2606caionamax|come ci sei finito a ladderare bh a pasqua\n|\n|t:|1711880536\n|move|p1a: Slowbro|Recover|p1a: Slowbro\n|-heal|p1a: Slowbro|70\/100\n|move|p2a: COME UN TUONO|Torch Song|p1a: Slowbro\n|-resisted|p1a: Slowbro\n|-damage|p1a: Slowbro|64\/100\n|-boost|p2a: COME UN TUONO|spa|1\n|\n|-damage|p1a: Slowbro|52\/100|[from] move: Thunder Cage|[partiallytrapped]\n|upkeep\n|turn|22\n|\n|t:|1711880541\n|move|p1a: Slowbro|Haze|p1a: Slowbro\n|-clearallboost\n|move|p2a: COME UN TUONO|Mortal Spin|p1a: Slowbro\n|-damage|p1a: Slowbro|51\/100\n|-status|p1a: Slowbro|psn\n|\n|-damage|p1a: Slowbro|39\/100 psn|[from] psn\n|-damage|p1a: Slowbro|26\/100 psn|[from] move: Thunder Cage|[partiallytrapped]\n|upkeep\n|turn|23\n|\n|t:|1711880545\n|move|p1a: Slowbro|Recover|p1a: Slowbro\n|-heal|p1a: Slowbro|76\/100 psn\n|move|p2a: COME UN TUONO|Thunder Cage|p1a: Slowbro\n|-supereffective|p1a: Slowbro\n|-damage|p1a: Slowbro|40\/100 psn\n|\n|-damage|p1a: Slowbro|27\/100 psn|[from] psn\n|-damage|p1a: Slowbro|15\/100 psn|[from] move: Thunder Cage|[partiallytrapped]\n|-sideend|p1: Alemezzagialla|Reflect\n|upkeep\n|turn|24\n|\n|t:|1711880551\n|move|p1a: Slowbro|Recover|p1a: Slowbro\n|-heal|p1a: Slowbro|65\/100 psn\n|move|p2a: COME UN TUONO|Thunder Cage|p1a: Slowbro\n|-supereffective|p1a: Slowbro\n|-damage|p1a: Slowbro|33\/100 psn\n|\n|-damage|p1a: Slowbro|21\/100 psn|[from] psn\n|-damage|p1a: Slowbro|9\/100 psn|[from] move: Thunder Cage|[partiallytrapped]\n|-sideend|p1: Alemezzagialla|move: Light Screen\n|upkeep\n|turn|25\n|\n|t:|1711880557\n|move|p1a: Slowbro|Light Screen|p1a: Slowbro\n|-sidestart|p1: Alemezzagialla|move: Light Screen\n|move|p2a: COME UN TUONO|Thunder Cage|p1a: Slowbro\n|-supereffective|p1a: Slowbro\n|-damage|p1a: Slowbro|0 fnt\n|faint|p1a: Slowbro\n|\n|upkeep\n|\n|t:|1711880563\n|switch|p1a: Ting-Lu|Ting-Lu|75\/100 psn\n|turn|26\n|\n|t:|1711880567\n|switch|p2a: I P' ME TU P' TE|Aegislash, M, shiny|100\/100\n|move|p1a: Ting-Lu|Rapid Spin|p2a: I P' ME TU P' TE\n|-immune|p2a: I P' ME TU P' TE\n|\n|-damage|p1a: Ting-Lu|62\/100 psn|[from] psn\n|upkeep\n|turn|27\n|\n|t:|1711880572\n|move|p2a: I P' ME TU P' TE|Parting Shot|p1a: Ting-Lu\n|-hint|Since gen 7, Dark is immune to Prankster moves.\n|-immune|p1a: Ting-Lu\n|move|p1a: Ting-Lu|Rapid Spin|p2a: I P' ME TU P' TE\n|-immune|p2a: I P' ME TU P' TE\n|\n|-damage|p1a: Ting-Lu|50\/100 psn|[from] psn\n|upkeep\n|turn|28\n|\n|t:|1711880577\n|move|p2a: I P' ME TU P' TE|Parting Shot|p1a: Ting-Lu\n|-hint|Since gen 7, Dark is immune to Prankster moves.\n|-immune|p1a: Ting-Lu\n|move|p1a: Ting-Lu|Rapid Spin|p2a: I P' ME TU P' TE\n|-immune|p2a: I P' ME TU P' TE\n|\n|-damage|p1a: Ting-Lu|37\/100 psn|[from] psn\n|upkeep\n|turn|29\n|\n|t:|1711880584\n|move|p2a: I P' ME TU P' TE|Parting Shot|p1a: Ting-Lu\n|-hint|Since gen 7, Dark is immune to Prankster moves.\n|-immune|p1a: Ting-Lu\n|move|p1a: Ting-Lu|Rapid Spin|p2a: I P' ME TU P' TE\n|-immune|p2a: I P' ME TU P' TE\n|\n|-damage|p1a: Ting-Lu|25\/100 psn|[from] psn\n|-sideend|p1: Alemezzagialla|move: Light Screen\n|upkeep\n|turn|30\n|\n|t:|1711880588\n|move|p2a: I P' ME TU P' TE|Parting Shot|p1a: Ting-Lu\n|-hint|Since gen 7, Dark is immune to Prankster moves.\n|-immune|p1a: Ting-Lu\n|move|p1a: Ting-Lu|Rapid Spin|p2a: I P' ME TU P' TE\n|-immune|p2a: I P' ME TU P' TE\n|\n|-damage|p1a: Ting-Lu|12\/100 psn|[from] psn\n|upkeep\n|turn|31\n|\n|t:|1711880595\n|switch|p2a: EL MATADOR|Koraidon, shiny|100\/100\n|-ability|p2a: EL MATADOR|Mold Breaker\n|move|p1a: Ting-Lu|Teleport|p1a: Ting-Lu\n|\n|t:|1711880607\n|switch|p1a: Arceus|Arceus-Ghost|100\/100|[from] Teleport\n|-damage|p1a: Arceus|75\/100|[from] Spikes\n|\n|upkeep\n|turn|32\n|\n|t:|1711880611\n|move|p2a: EL MATADOR|Glaive Rush|p1a: Arceus\n|-damage|p1a: Arceus|21\/100\n|-singlemove|p2a: EL MATADOR|Glaive Rush|[silent]\n|move|p1a: Arceus|No Retreat|p1a: Arceus\n|-boost|p1a: Arceus|atk|2\n|-boost|p1a: Arceus|def|2\n|-boost|p1a: Arceus|spa|2\n|-boost|p1a: Arceus|spd|2\n|-boost|p1a: Arceus|spe|2\n|-start|p1a: Arceus|move: No Retreat\n|\n|upkeep\n|turn|33\n|\n|t:|1711880620\n|switch|p2a: L'ULTIMA POESIA|Arceus-Fairy|100\/100\n|move|p1a: Arceus|Jungle Healing|p1a: Arceus\n|-heal|p1a: Arceus|46\/100\n|\n|upkeep\n|turn|34\n|\n|t:|1711880624\n|move|p1a: Arceus|Judgment|p2a: L'ULTIMA POESIA\n|-damage|p2a: L'ULTIMA POESIA|67\/100\n|move|p2a: L'ULTIMA POESIA|Take Heart|p2a: L'ULTIMA POESIA\n|-boost|p2a: L'ULTIMA POESIA|spa|1\n|-boost|p2a: L'ULTIMA POESIA|spd|1\n|\n|upkeep\n|turn|35\n|\n|t:|1711880630\n|move|p1a: Arceus|Judgment|p2a: L'ULTIMA POESIA\n|-damage|p2a: L'ULTIMA POESIA|45\/100\n|move|p2a: L'ULTIMA POESIA|Take Heart|p2a: L'ULTIMA POESIA\n|-boost|p2a: L'ULTIMA POESIA|spa|1\n|-boost|p2a: L'ULTIMA POESIA|spd|1\n|\n|upkeep\n|turn|36\n|\n|t:|1711880634\n|move|p1a: Arceus|Judgment|p2a: L'ULTIMA POESIA\n|-damage|p2a: L'ULTIMA POESIA|28\/100\n|move|p2a: L'ULTIMA POESIA|Strength Sap|p1a: Arceus\n|-unboost|p1a: Arceus|atk|2\n|-heal|p2a: L'ULTIMA POESIA|100\/100\n|\n|upkeep\n|turn|37\n|\n|t:|1711880641\n|switch|p1a: Ting-Lu|Ting-Lu|12\/100 psn\n|move|p2a: L'ULTIMA POESIA|Take Heart|p2a: L'ULTIMA POESIA\n|-boost|p2a: L'ULTIMA POESIA|spa|1\n|-boost|p2a: L'ULTIMA POESIA|spd|1\n|\n|-damage|p1a: Ting-Lu|0 fnt|[from] psn\n|faint|p1a: Ting-Lu\n|upkeep\n|\n|t:|1711880644\n|switch|p1a: Eternatus|Eternatus|100\/100\n|-damage|p1a: Eternatus|75\/100|[from] Spikes\n|turn|38\n|\n|t:|1711880649\n|move|p2a: L'ULTIMA POESIA|Revelation Dance|p1a: Eternatus\n|-damage|p1a: Eternatus|10\/100\n|move|p1a: Eternatus|Torch Song|p2a: L'ULTIMA POESIA\n|-damage|p2a: L'ULTIMA POESIA|97\/100\n|-boost|p1a: Eternatus|spa|1\n|\n|upkeep\n|turn|39\n|\n|t:|1711880654\n|move|p1a: Eternatus|Destiny Bond|p1a: Eternatus\n|-singlemove|p1a: Eternatus|Destiny Bond\n|move|p2a: L'ULTIMA POESIA|Revelation Dance|p1a: Eternatus\n|-damage|p1a: Eternatus|0 fnt\n|faint|p1a: Eternatus\n|-activate|p1a: Eternatus|move: Destiny Bond\n|faint|p2a: L'ULTIMA POESIA\n|\n|upkeep\n|\n|t:|1711880663\n|switch|p2a: MIU MIU|Alakazam-Mega, F|100\/100\n|switch|p1a: Arceus|Arceus-Ghost|46\/100\n|-ability|p2a: MIU MIU|Beads of Ruin\n|-damage|p1a: Arceus|21\/100|[from] Spikes\n|turn|40\n|c|\u2606Alemezzagialla|GG\n|c|\u2606Alemezzagialla|La finisco per il meme\n|\n|t:|1711880680\n|move|p2a: MIU MIU|Moongeist Beam|p1a: Arceus\n|-supereffective|p1a: Arceus\n|-damage|p1a: Arceus|0 fnt\n|faint|p1a: Arceus\n|\n|upkeep\n|c|\u2606caionamax|per lore\n|\n|t:|1711880684\n|switch|p1a: Lunala|Lunala|100\/100\n|-damage|p1a: Lunala|76\/100|[from] Spikes\n|turn|41\n|\n|t:|1711880687\n|move|p2a: MIU MIU|Moongeist Beam|p1a: Lunala\n|-supereffective|p1a: Lunala\n|-damage|p1a: Lunala|0 fnt\n|faint|p1a: Lunala\n|\n|upkeep\n|\n|t:|1711880690\n|switch|p1a: Palkia|Palkia-Origin|100\/100\n|-damage|p1a: Palkia|75\/100|[from] Spikes\n|turn|42\n|\n|t:|1711880696\n|switch|p2a: I P' ME TU P' TE|Aegislash, M, shiny|100\/100\n|move|p1a: Palkia|Nasty Plot|p1a: Palkia\n|-boost|p1a: Palkia|spa|2\n|\n|-ability|p1a: Palkia|Speed Boost|boost\n|-boost|p1a: Palkia|spe|1\n|upkeep\n|turn|43\n|\n|t:|1711880704\n|move|p2a: I P' ME TU P' TE|Haze|p2a: I P' ME TU P' TE\n|-clearallboost\n|move|p1a: Palkia|Nasty Plot|p1a: Palkia\n|-boost|p1a: Palkia|spa|2\n|\n|-ability|p1a: Palkia|Speed Boost|boost\n|-boost|p1a: Palkia|spe|1\n|upkeep\n|turn|44\n|\n|t:|1711880707\n|move|p2a: I P' ME TU P' TE|Haze|p2a: I P' ME TU P' TE\n|-clearallboost\n|move|p1a: Palkia|Steam Eruption|p2a: I P' ME TU P' TE\n|-damage|p2a: I P' ME TU P' TE|58\/100\n|\n|-ability|p1a: Palkia|Speed Boost|boost\n|-boost|p1a: Palkia|spe|1\n|upkeep\n|turn|45\n|\n|t:|1711880710\n|move|p2a: I P' ME TU P' TE|Parting Shot|p1a: Palkia\n|-unboost|p1a: Palkia|atk|1\n|-unboost|p1a: Palkia|spa|1\n|\n|t:|1711880711\n|switch|p2a: EVA|Chansey, F|80\/100|[from] Parting Shot\n|-transform|p2a: EVA|p1a: Palkia|[from] ability: Imposter\n|move|p1a: Palkia|Steam Eruption|p2a: EVA\n|-resisted|p2a: EVA\n|-damage|p2a: EVA|78\/100\n|\n|-ability|p1a: Palkia|Speed Boost|boost\n|-boost|p1a: Palkia|spe|1\n|upkeep\n|turn|46\n|\n|t:|1711880724\n|switch|p2a: COME UN TUONO|Miraidon|100\/100\n|move|p1a: Palkia|Nasty Plot|p1a: Palkia\n|-boost|p1a: Palkia|spa|2\n|\n|-ability|p1a: Palkia|Speed Boost|boost\n|-boost|p1a: Palkia|spe|1\n|upkeep\n|turn|47\n|\n|t:|1711880728\n|move|p1a: Palkia|Judgment|p2a: COME UN TUONO\n|-supereffective|p2a: COME UN TUONO\n|-damage|p2a: COME UN TUONO|0 fnt\n|faint|p2a: COME UN TUONO\n|\n|-ability|p1a: Palkia|Speed Boost|boost\n|-boost|p1a: Palkia|spe|1\n|upkeep\n|\n|t:|1711880730\n|switch|p2a: I P' ME TU P' TE|Aegislash, M, shiny|58\/100\n|turn|48\n|\n|t:|1711880735\n|move|p2a: I P' ME TU P' TE|Recover|p2a: I P' ME TU P' TE\n|-heal|p2a: I P' ME TU P' TE|100\/100\n|move|p1a: Palkia|Steam Eruption|p2a: I P' ME TU P' TE\n|-damage|p2a: I P' ME TU P' TE|41\/100\n|\n|-ability|p1a: Palkia|Speed Boost|boost\n|-boost|p1a: Palkia|spe|1\n|upkeep\n|turn|49\n|\n|t:|1711880739\n|move|p2a: I P' ME TU P' TE|Haze|p2a: I P' ME TU P' TE\n|-clearallboost\n|move|p1a: Palkia|Strength Sap|p2a: I P' ME TU P' TE\n|-unboost|p2a: I P' ME TU P' TE|atk|1\n|-heal|p1a: Palkia|99\/100\n|\n|-ability|p1a: Palkia|Speed Boost|boost\n|-boost|p1a: Palkia|spe|1\n|upkeep\n|turn|50\n|\n|t:|1711880744\n|move|p2a: I P' ME TU P' TE|Recover|p2a: I P' ME TU P' TE\n|-heal|p2a: I P' ME TU P' TE|91\/100\n|move|p1a: Palkia|Nasty Plot|p1a: Palkia\n|-boost|p1a: Palkia|spa|2\n|\n|-ability|p1a: Palkia|Speed Boost|boost\n|-boost|p1a: Palkia|spe|1\n|upkeep\n|turn|51\n|\n|t:|1711880746\n|move|p2a: I P' ME TU P' TE|Haze|p2a: I P' ME TU P' TE\n|-clearallboost\n|move|p1a: Palkia|Steam Eruption|p2a: I P' ME TU P' TE\n|-damage|p2a: I P' ME TU P' TE|48\/100\n|\n|-ability|p1a: Palkia|Speed Boost|boost\n|-boost|p1a: Palkia|spe|1\n|upkeep\n|turn|52\n|\n|t:|1711880750\n|move|p2a: I P' ME TU P' TE|Recover|p2a: I P' ME TU P' TE\n|-heal|p2a: I P' ME TU P' TE|98\/100\n|move|p1a: Palkia|Steam Eruption|p2a: I P' ME TU P' TE\n|-damage|p2a: I P' ME TU P' TE|55\/100\n|\n|-ability|p1a: Palkia|Speed Boost|boost\n|-boost|p1a: Palkia|spe|1\n|upkeep\n|turn|53\n|\n|t:|1711880754\n|move|p2a: I P' ME TU P' TE|Recover|p2a: I P' ME TU P' TE\n|-heal|p2a: I P' ME TU P' TE|100\/100\n|move|p1a: Palkia|Judgment|p2a: I P' ME TU P' TE\n|-resisted|p2a: I P' ME TU P' TE\n|-damage|p2a: I P' ME TU P' TE|79\/100\n|\n|-ability|p1a: Palkia|Speed Boost|boost\n|-boost|p1a: Palkia|spe|1\n|upkeep\n|turn|54\n|\n|t:|1711880761\n|move|p2a: I P' ME TU P' TE|Haze|p2a: I P' ME TU P' TE\n|-clearallboost\n|move|p1a: Palkia|Judgment|p2a: I P' ME TU P' TE\n|-resisted|p2a: I P' ME TU P' TE\n|-damage|p2a: I P' ME TU P' TE|54\/100\n|\n|-ability|p1a: Palkia|Speed Boost|boost\n|-boost|p1a: Palkia|spe|1\n|upkeep\n|turn|55\n|\n|t:|1711880769\n|move|p2a: I P' ME TU P' TE|Parting Shot|p1a: Palkia\n|-unboost|p1a: Palkia|atk|1\n|-unboost|p1a: Palkia|spa|1\n|\n|t:|1711880772\n|switch|p2a: EVA|Chansey, F|78\/100|[from] Parting Shot\n|-transform|p2a: EVA|p1a: Palkia|[from] ability: Imposter\n|move|p1a: Palkia|Judgment|p2a: EVA\n|-supereffective|p2a: EVA\n|-damage|p2a: EVA|58\/100\n|\n|-ability|p1a: Palkia|Speed Boost|boost\n|-boost|p1a: Palkia|spe|1\n|upkeep\n|turn|56\n|\n|t:|1711880780\n|move|p1a: Palkia|Nasty Plot|p1a: Palkia\n|-boost|p1a: Palkia|spa|2\n|move|p2a: EVA|Strength Sap|p1a: Palkia\n|-unboost|p1a: Palkia|atk|1\n|-heal|p2a: EVA|75\/100\n|\n|-ability|p1a: Palkia|Speed Boost|boost\n|-boost|p1a: Palkia|spe|1\n|-ability|p2a: EVA|Speed Boost|boost\n|-boost|p2a: EVA|spe|1\n|upkeep\n|turn|57\n|\n|t:|1711880785\n|move|p1a: Palkia|Judgment|p2a: EVA\n|-supereffective|p2a: EVA\n|-damage|p2a: EVA|26\/100\n|move|p2a: EVA|Steam Eruption|p1a: Palkia\n|-resisted|p1a: Palkia\n|-damage|p1a: Palkia|93\/100\n|\n|-ability|p1a: Palkia|Speed Boost|boost\n|-boost|p1a: Palkia|spe|1\n|-ability|p2a: EVA|Speed Boost|boost\n|-boost|p2a: EVA|spe|1\n|upkeep\n|turn|58\n|\n|t:|1711880793\n|switch|p2a: EL MATADOR|Koraidon, shiny|100\/100\n|-ability|p2a: EL MATADOR|Mold Breaker\n|move|p1a: Palkia|Judgment|p2a: EL MATADOR\n|-supereffective|p2a: EL MATADOR\n|-damage|p2a: EL MATADOR|0 fnt\n|faint|p2a: EL MATADOR\n|\n|-ability|p1a: Palkia|Speed Boost|boost\n|-boost|p1a: Palkia|spe|1\n|upkeep\n|\n|t:|1711880794\n|switch|p2a: I P' ME TU P' TE|Aegislash, M, shiny|54\/100\n|turn|59\n|\n|t:|1711880797\n|move|p2a: I P' ME TU P' TE|Haze|p2a: I P' ME TU P' TE\n|-clearallboost\n|move|p1a: Palkia|Judgment|p2a: I P' ME TU P' TE\n|-resisted|p2a: I P' ME TU P' TE\n|-damage|p2a: I P' ME TU P' TE|30\/100\n|\n|-ability|p1a: Palkia|Speed Boost|boost\n|-boost|p1a: Palkia|spe|1\n|upkeep\n|turn|60\n|\n|t:|1711880805\n|move|p2a: I P' ME TU P' TE|Recover|p2a: I P' ME TU P' TE\n|-heal|p2a: I P' ME TU P' TE|80\/100\n|move|p1a: Palkia|Judgment|p2a: I P' ME TU P' TE\n|-resisted|p2a: I P' ME TU P' TE\n|-damage|p2a: I P' ME TU P' TE|56\/100\n|\n|-ability|p1a: Palkia|Speed Boost|boost\n|-boost|p1a: Palkia|spe|1\n|upkeep\n|turn|61\n|\n|t:|1711880811\n|move|p2a: I P' ME TU P' TE|Parting Shot|p1a: Palkia\n|-unboost|p1a: Palkia|atk|1\n|-unboost|p1a: Palkia|spa|1\n|\n|t:|1711880812\n|switch|p2a: EVA|Chansey, F|26\/100|[from] Parting Shot\n|-transform|p2a: EVA|p1a: Palkia|[from] ability: Imposter\n|move|p1a: Palkia|Judgment|p2a: EVA\n|-supereffective|p2a: EVA\n|-damage|p2a: EVA|5\/100\n|\n|-ability|p1a: Palkia|Speed Boost|boost\n|-boost|p1a: Palkia|spe|1\n|upkeep\n|turn|62\n|\n|t:|1711880816\n|move|p1a: Palkia|Nasty Plot|p1a: Palkia\n|-boost|p1a: Palkia|spa|2\n|move|p2a: EVA|Strength Sap|p1a: Palkia\n|-unboost|p1a: Palkia|atk|1\n|-heal|p2a: EVA|23\/100\n|\n|-ability|p1a: Palkia|Speed Boost|boost\n|-boost|p1a: Palkia|spe|1\n|-ability|p2a: EVA|Speed Boost|boost\n|-boost|p2a: EVA|spe|1\n|upkeep\n|turn|63\n|\n|t:|1711880822\n|switch|p2a: MIU MIU|Alakazam-Mega, F|100\/100\n|-ability|p2a: MIU MIU|Beads of Ruin\n|move|p1a: Palkia|Judgment|p2a: MIU MIU\n|-damage|p2a: MIU MIU|12\/100\n|\n|-ability|p1a: Palkia|Speed Boost|boost\n|-boost|p1a: Palkia|spe|1\n|upkeep\n|turn|64\n|\n|t:|1711880827\n|move|p1a: Palkia|Judgment|p2a: MIU MIU\n|-damage|p2a: MIU MIU|0 fnt\n|faint|p2a: MIU MIU\n|\n|-ability|p1a: Palkia|Speed Boost|boost\n|-boost|p1a: Palkia|spe|1\n|upkeep\n|\n|t:|1711880829\n|switch|p2a: I P' ME TU P' TE|Aegislash, M, shiny|56\/100\n|turn|65\n|\n|t:|1711880833\n|move|p2a: I P' ME TU P' TE|Haze|p2a: I P' ME TU P' TE\n|-clearallboost\n|move|p1a: Palkia|Steam Eruption|p2a: I P' ME TU P' TE\n|-damage|p2a: I P' ME TU P' TE|11\/100\n|\n|-ability|p1a: Palkia|Speed Boost|boost\n|-boost|p1a: Palkia|spe|1\n|upkeep\n|turn|66\n|\n|t:|1711880838\n|move|p2a: I P' ME TU P' TE|Recover|p2a: I P' ME TU P' TE\n|-heal|p2a: I P' ME TU P' TE|61\/100\n|move|p1a: Palkia|Steam Eruption|p2a: I P' ME TU P' TE\n|-damage|p2a: I P' ME TU P' TE|21\/100\n|\n|-ability|p1a: Palkia|Speed Boost|boost\n|-boost|p1a: Palkia|spe|1\n|upkeep\n|turn|67\n|\n|t:|1711880841\n|move|p2a: I P' ME TU P' TE|Recover|p2a: I P' ME TU P' TE\n|-heal|p2a: I P' ME TU P' TE|71\/100\n|move|p1a: Palkia|Steam Eruption|p2a: I P' ME TU P' TE\n|-damage|p2a: I P' ME TU P' TE|26\/100\n|\n|-ability|p1a: Palkia|Speed Boost|boost\n|-boost|p1a: Palkia|spe|1\n|upkeep\n|turn|68\n|\n|t:|1711880850\n|move|p2a: I P' ME TU P' TE|Recover|p2a: I P' ME TU P' TE\n|-heal|p2a: I P' ME TU P' TE|76\/100\n|move|p1a: Palkia|Judgment|p2a: I P' ME TU P' TE\n|-resisted|p2a: I P' ME TU P' TE\n|-crit|p2a: I P' ME TU P' TE\n|-damage|p2a: I P' ME TU P' TE|43\/100\n|\n|-ability|p1a: Palkia|Speed Boost|boost\n|-boost|p1a: Palkia|spe|1\n|upkeep\n|turn|69\n|\n|t:|1711880854\n|move|p2a: I P' ME TU P' TE|Parting Shot|p1a: Palkia\n|-unboost|p1a: Palkia|atk|1\n|-unboost|p1a: Palkia|spa|1\n|\n|t:|1711880856\n|switch|p2a: EVA|Chansey, F|23\/100|[from] Parting Shot\n|-transform|p2a: EVA|p1a: Palkia|[from] ability: Imposter\n|move|p1a: Palkia|Nasty Plot|p1a: Palkia\n|-boost|p1a: Palkia|spa|2\n|\n|-ability|p1a: Palkia|Speed Boost|boost\n|-boost|p1a: Palkia|spe|1\n|upkeep\n|turn|70\n|\n|t:|1711880861\n|move|p1a: Palkia|Judgment|p2a: EVA\n|-supereffective|p2a: EVA\n|-damage|p2a: EVA|0 fnt\n|faint|p2a: EVA\n|\n|-ability|p1a: Palkia|Speed Boost|boost\n|-boost|p1a: Palkia|spe|1\n|upkeep\n|\n|t:|1711880865\n|switch|p2a: I P' ME TU P' TE|Aegislash, M, shiny|43\/100\n|turn|71\n|\n|t:|1711880869\n|move|p2a: I P' ME TU P' TE|Haze|p2a: I P' ME TU P' TE\n|-clearallboost\n|move|p1a: Palkia|Judgment|p2a: I P' ME TU P' TE\n|-resisted|p2a: I P' ME TU P' TE\n|-damage|p2a: I P' ME TU P' TE|21\/100\n|\n|-ability|p1a: Palkia|Speed Boost|boost\n|-boost|p1a: Palkia|spe|1\n|upkeep\n|turn|72\n|\n|t:|1711880875\n|move|p2a: I P' ME TU P' TE|Parting Shot|p1a: Palkia\n|-unboost|p1a: Palkia|atk|1\n|-unboost|p1a: Palkia|spa|1\n|move|p1a: Palkia|Judgment|p2a: I P' ME TU P' TE\n|-resisted|p2a: I P' ME TU P' TE\n|-damage|p2a: I P' ME TU P' TE|7\/100\n|\n|-ability|p1a: Palkia|Speed Boost|boost\n|-boost|p1a: Palkia|spe|1\n|upkeep\n|turn|73\n|\n|t:|1711880886\n|move|p2a: I P' ME TU P' TE|Parting Shot|p1a: Palkia\n|-unboost|p1a: Palkia|atk|1\n|-unboost|p1a: Palkia|spa|1\n|move|p1a: Palkia|Nasty Plot|p1a: Palkia\n|-boost|p1a: Palkia|spa|2\n|\n|-ability|p1a: Palkia|Speed Boost|boost\n|-boost|p1a: Palkia|spe|1\n|upkeep\n|turn|74\n|c|\u2606Alemezzagialla|Cos'\u00e8 appena successo\n|c|\u2606caionamax|persa\n|c|\u2606Alemezzagialla|Lol\n|\n|t:|1711880906\n|move|p2a: I P' ME TU P' TE|Parting Shot|p1a: Palkia\n|-unboost|p1a: Palkia|atk|1\n|-unboost|p1a: Palkia|spa|1\n|move|p1a: Palkia|Nasty Plot|p1a: Palkia\n|-boost|p1a: Palkia|spa|2\n|\n|-ability|p1a: Palkia|Speed Boost|boost\n|-boost|p1a: Palkia|spe|1\n|upkeep\n|turn|75\n|\n|t:|1711880911\n|move|p2a: I P' ME TU P' TE|Haze|p2a: I P' ME TU P' TE\n|-clearallboost\n|move|p1a: Palkia|Nasty Plot|p1a: Palkia\n|-boost|p1a: Palkia|spa|2\n|\n|-ability|p1a: Palkia|Speed Boost|boost\n|-boost|p1a: Palkia|spe|1\n|upkeep\n|turn|76\n|c|\u2606Alemezzagialla|Il potere della lore\n|c|\u2606Alemezzagialla|GG frate\n|\n|t:|1711880939\n|move|p2a: I P' ME TU P' TE|Haze|p2a: I P' ME TU P' TE\n|-clearallboost\n|move|p1a: Palkia|Nasty Plot|p1a: Palkia\n|-boost|p1a: Palkia|spa|2\n|\n|-ability|p1a: Palkia|Speed Boost|boost\n|-boost|p1a: Palkia|spe|1\n|upkeep\n|turn|77\n|\n|t:|1711880948\n|move|p2a: I P' ME TU P' TE|Haze|p2a: I P' ME TU P' TE\n|-clearallboost\n|move|p1a: Palkia|Nasty Plot|p1a: Palkia\n|-boost|p1a: Palkia|spa|2\n|\n|-ability|p1a: Palkia|Speed Boost|boost\n|-boost|p1a: Palkia|spe|1\n|upkeep\n|turn|78\n|\n|t:|1711880953\n|move|p2a: I P' ME TU P' TE|Haze|p2a: I P' ME TU P' TE\n|-clearallboost\n|move|p1a: Palkia|Judgment|p2a: I P' ME TU P' TE\n|-resisted|p2a: I P' ME TU P' TE\n|-damage|p2a: I P' ME TU P' TE|0 fnt\n|faint|p2a: I P' ME TU P' TE\n|\n|win|Alemezzagialla\n|raw|Alemezzagialla's rating: 1417 &rarr; <strong>1438<\/strong><br \/>(+21 for winning)\n|raw|caionamax's rating: 1428 &rarr; <strong>1407<\/strong><br \/>(-21 for losing)\n|c|\u2606caionamax|buona pasqua lol\n|l|\u2606caionamax\n|player|p2|\n|c|\u2606Alemezzagialla|\u00c8 stato epico\n","uploadtime":1711880977,"views":14,"formatid":"gen9balancedhackmons","rating":1407,"private":0,"password":null}