|j|☆4rk4ngel
|j|☆Avg Noob
|t:|1711894058
|gametype|singles
|player|p1|4rk4ngel|raihan-masters|1364
|player|p2|Avg Noob|unknown|1179
|teamsize|p1|6
|teamsize|p2|6
|gen|9
|tier|[Gen 9] Balanced Hackmons
|rated|
|rule|OHKO Clause: OHKO moves are banned
|rule|Evasion Clause: Evasion abilities, items, and moves are banned
|rule|Evasion Abilities Clause: Evasion abilities are banned
|rule|Evasion Items Clause: Evasion items are banned
|rule|Evasion Moves Clause: Evasion moves are banned
|rule|Species Clause: Limit one of each Pokémon
|rule|HP Percentage Mod: HP is shown in percentages
|rule|Sleep Moves Clause: Sleep-inducing moves are banned
|rule|Endless Battle Clause: Forcing endless battles is banned
|rule|Species Reveal Clause: Reveals a Pokémon's true species in hackmons-based metagames.
|rule|Terastal Clause: You cannot Terastallize
|clearpoke
|poke|p1|Zacian-*|
|poke|p1|Ho-Oh|
|poke|p1|Greninja-Ash, M|
|poke|p1|Necrozma-Dusk-Mane|
|poke|p1|Arceus|
|poke|p1|Chansey, F|
|poke|p2|Beedrill-Mega, M|
|poke|p2|Iron Valiant, M|
|poke|p2|Chansey, M|
|poke|p2|Metagross-Mega, M|
|poke|p2|Heracross-Mega, M|
|poke|p2|Aerodactyl-Mega, M|
|teampreview
|
|t:|1711894063
|start
|switch|p1a: Zacian|Zacian|100/100
|switch|p2a: Beedrill|Beedrill-Mega, M, shiny|100/100
|-weather|SunnyDay|[from] ability: Drought|[of] p1a: Zacian
|turn|1
|inactive|Battle timer is ON: inactive players will automatically lose when time's up. (requested by Avg Noob)
|
|t:|1711894068
|switch|p1a: Necrozma|Necrozma-Dusk-Mane|100/100
|move|p2a: Beedrill|Pyro Ball|p1a: Necrozma
|-supereffective|p1a: Necrozma
|-damage|p1a: Necrozma|51/100
|
|-weather|SunnyDay|[upkeep]
|upkeep
|turn|2
|
|t:|1711894073
|move|p2a: Beedrill|Pyro Ball|p1a: Necrozma
|-supereffective|p1a: Necrozma
|-damage|p1a: Necrozma|0 fnt
|faint|p1a: Necrozma
|
|-weather|SunnyDay|[upkeep]
|upkeep
|
|t:|1711894078
|switch|p1a: Zacian|Zacian|100/100
|turn|3
|
|t:|1711894082
|move|p1a: Zacian|Parting Shot|p2a: Beedrill
|-unboost|p2a: Beedrill|atk|1
|-unboost|p2a: Beedrill|spa|1
|
|t:|1711894086
|switch|p1a: Greninja|Greninja-Ash, M|100/100|[from] Parting Shot
|-weather|PrimordialSea|[from] ability: Primordial Sea|[of] p1a: Greninja
|move|p2a: Beedrill|Pyro Ball||[still]
|-fail|p2a: Beedrill|Pyro Ball|[from] Primordial Sea
|
|-weather|PrimordialSea|[upkeep]
|upkeep
|turn|4
|
|t:|1711894091
|move|p2a: Beedrill|Bolt Strike|p1a: Greninja
|-supereffective|p1a: Greninja
|-crit|p1a: Greninja
|-damage|p1a: Greninja|0 fnt
|faint|p1a: Greninja
|-weather|none
|
|upkeep
|
|t:|1711894097
|switch|p1a: Chansey|Chansey, F|100/100
|-transform|p1a: Chansey|p2a: Beedrill|[from] ability: Imposter
|turn|5
|
|t:|1711894101
|move|p2a: Beedrill|Pyro Ball|p1a: Chansey
|-supereffective|p1a: Chansey
|-damage|p1a: Chansey|66/100
|move|p1a: Chansey|Shadow Force||[still]
|-prepare|p1a: Chansey|Shadow Force
|
|upkeep
|turn|6
|
|t:|1711894104
|move|p1a: Chansey|Shadow Force|p2a: Beedrill|[from]lockedmove
|-damage|p2a: Beedrill|59/100
|move|p2a: Beedrill|Pyro Ball|p1a: Chansey|[miss]
|-miss|p2a: Beedrill|p1a: Chansey
|
|upkeep
|turn|7
|
|t:|1711894107
|move|p1a: Chansey|Pyro Ball|p2a: Beedrill
|-supereffective|p2a: Beedrill
|-damage|p2a: Beedrill|0 fnt
|faint|p2a: Beedrill
|
|upkeep
|
|t:|1711894117
|switch|p2a: Metagross|Metagross-Mega, M, shiny|100/100
|turn|8
|
|t:|1711894122
|move|p2a: Metagross|Bullet Punch|p1a: Chansey
|-damage|p1a: Chansey|48/100
|move|p1a: Chansey|Pyro Ball|p2a: Metagross
|-supereffective|p2a: Metagross
|-damage|p2a: Metagross|55/100
|
|upkeep
|turn|9
|
|t:|1711894127
|switch|p1a: Arceus|Arceus|100/100
|move|p2a: Metagross|Behemoth Blade|p1a: Arceus
|-damage|p1a: Arceus|44/100
|-damage|p2a: Metagross|38/100|[from] item: Rocky Helmet|[of] p1a: Arceus
|
|upkeep
|turn|10
|
|t:|1711894134
|move|p1a: Arceus|Burning Bulwark|p1a: Arceus
|-singleturn|p1a: Arceus|move: Protect
|move|p2a: Metagross|Bullet Punch|p1a: Arceus
|-activate|p1a: Arceus|move: Protect
|-status|p2a: Metagross|brn
|
|-damage|p2a: Metagross|32/100 brn|[from] brn
|upkeep
|turn|11
|
|t:|1711894137
|move|p2a: Metagross|Collision Course|p1a: Arceus
|-supereffective|p1a: Arceus
|-damage|p1a: Arceus|17/100
|-damage|p2a: Metagross|16/100 brn|[from] item: Rocky Helmet|[of] p1a: Arceus
|move|p1a: Arceus|Recover|p1a: Arceus
|-heal|p1a: Arceus|67/100
|
|-damage|p2a: Metagross|10/100 brn|[from] brn
|upkeep
|turn|12
|
|t:|1711894141
|move|p2a: Metagross|Collision Course|p1a: Arceus
|-supereffective|p1a: Arceus
|-damage|p1a: Arceus|38/100
|-damage|p2a: Metagross|0 fnt|[from] item: Rocky Helmet|[of] p1a: Arceus
|faint|p2a: Metagross
|move|p1a: Arceus|Recover|p1a: Arceus
|-heal|p1a: Arceus|88/100
|
|upkeep
|
|t:|1711894145
|switch|p2a: Heracross|Heracross-Mega, M, shiny|100/100
|turn|13
|
|t:|1711894149
|move|p1a: Arceus|Glare|p2a: Heracross
|-status|p2a: Heracross|par
|cant|p2a: Heracross|par
|
|-ability|p2a: Heracross|Speed Boost|boost
|-boost|p2a: Heracross|spe|1
|upkeep
|turn|14
|
|t:|1711894153
|switch|p1a: Chansey|Chansey, F|48/100
|-transform|p1a: Chansey|p2a: Heracross|[from] ability: Imposter
|move|p2a: Heracross|Victory Dance|p2a: Heracross
|-boost|p2a: Heracross|atk|1
|-boost|p2a: Heracross|def|1
|-boost|p2a: Heracross|spe|1
|
|-ability|p2a: Heracross|Speed Boost|boost
|-boost|p2a: Heracross|spe|1
|upkeep
|turn|15
|
|t:|1711894171
|switch|p1a: Zacian|Zacian|100/100
|-weather|SunnyDay|[from] ability: Drought|[of] p1a: Zacian
|move|p2a: Heracross|Victory Dance|p2a: Heracross
|-boost|p2a: Heracross|atk|1
|-boost|p2a: Heracross|def|1
|-boost|p2a: Heracross|spe|1
|
|-weather|SunnyDay|[upkeep]
|-ability|p2a: Heracross|Speed Boost|boost
|-boost|p2a: Heracross|spe|1
|upkeep
|turn|16
|
|t:|1711894178
|move|p1a: Zacian|Trick|p2a: Heracross
|-activate|p1a: Zacian|move: Trick|[of] p2a: Heracross
|-item|p2a: Heracross|Choice Scarf|[from] move: Trick
|-item|p1a: Zacian|Focus Sash|[from] move: Trick
|move|p2a: Heracross|Glacial Lance|p1a: Zacian
|-damage|p1a: Zacian|24/100
|
|-weather|SunnyDay|[upkeep]
|-ability|p2a: Heracross|Speed Boost|boost
|-boost|p2a: Heracross|spe|1
|upkeep
|turn|17
|
|t:|1711894183
|move|p2a: Heracross|Glacial Lance|p1a: Zacian
|-damage|p1a: Zacian|0 fnt
|faint|p1a: Zacian
|
|-weather|SunnyDay|[upkeep]
|upkeep
|
|t:|1711894186
|switch|p1a: Ho-Oh|Ho-Oh|100/100
|turn|18
|
|t:|1711894189
|move|p2a: Heracross|Glacial Lance|p1a: Ho-Oh
|-crit|p1a: Ho-Oh
|-damage|p1a: Ho-Oh|0 fnt
|faint|p1a: Ho-Oh
|
|-weather|SunnyDay|[upkeep]
|upkeep
|
|t:|1711894193
|switch|p1a: Chansey|Chansey, F|48/100
|-transform|p1a: Chansey|p2a: Heracross|[from] ability: Imposter
|turn|19
|c|☆Avg Noob|Gg
|
|t:|1711894195
|move|p1a: Chansey|Leech Life|p2a: Heracross
|-resisted|p2a: Heracross
|-damage|p2a: Heracross|79/100 par
|-heal|p1a: Chansey|53/100|[from] drain|[of] p2a: Heracross
|move|p2a: Heracross|Glacial Lance|p1a: Chansey
|-damage|p1a: Chansey|39/100
|
|-weather|none
|upkeep
|turn|20
|
|t:|1711894199
|move|p1a: Chansey|Sacred Sword|p2a: Heracross
|-resisted|p2a: Heracross
|-damage|p2a: Heracross|35/100 par
|cant|p2a: Heracross|par
|
|upkeep
|turn|21
|
|t:|1711894202
|move|p1a: Chansey|Sacred Sword|p2a: Heracross
|-resisted|p2a: Heracross
|-damage|p2a: Heracross|0 fnt
|faint|p2a: Heracross
|
|upkeep
|
|t:|1711894207
|switch|p2a: Aerodactyl|Aerodactyl-Mega, M|100/100
|turn|22
|
|t:|1711894209
|move|p1a: Chansey|Glacial Lance|p2a: Aerodactyl
|-supereffective|p2a: Aerodactyl
|-enditem|p2a: Aerodactyl|Focus Sash
|-damage|p2a: Aerodactyl|1/100
|move|p2a: Aerodactyl|Counter|p1a: Chansey
|-damage|p1a: Chansey|0 fnt
|faint|p1a: Chansey
|
|upkeep
|
|t:|1711894212
|switch|p1a: Arceus|Arceus|88/100
|turn|23
|c|☆Avg Noob|Gg
|
|t:|1711894215
|move|p2a: Aerodactyl|Explosion|p1a: Arceus
|-damage|p1a: Arceus|39/100
|faint|p2a: Aerodactyl
|move|p1a: Arceus|Sunsteel Strike|p2: Aerodactyl|[notarget]
|-fail|p1a: Arceus
|
|upkeep
|
|t:|1711894222
|switch|p2a: Iron Valiant|Iron Valiant, M|100/100
|turn|24
|
|t:|1711894228
|move|p1a: Arceus|Burning Bulwark|p1a: Arceus
|-singleturn|p1a: Arceus|move: Protect
|move|p2a: Iron Valiant|Drain Punch|p1a: Arceus
|-activate|p1a: Arceus|move: Protect
|-status|p2a: Iron Valiant|brn
|
|-damage|p2a: Iron Valiant|94/100 brn|[from] brn
|upkeep
|turn|25
|
|t:|1711894231
|move|p2a: Iron Valiant|Victory Dance|p2a: Iron Valiant
|-boost|p2a: Iron Valiant|atk|2
|-boost|p2a: Iron Valiant|def|2
|-boost|p2a: Iron Valiant|spe|2
|move|p1a: Arceus|Recover|p1a: Arceus
|-heal|p1a: Arceus|89/100
|
|-damage|p2a: Iron Valiant|88/100 brn|[from] brn
|upkeep
|turn|26
|
|t:|1711894234
|move|p2a: Iron Valiant|Victory Dance|p2a: Iron Valiant
|-boost|p2a: Iron Valiant|atk|2
|-boost|p2a: Iron Valiant|def|2
|-boost|p2a: Iron Valiant|spe|2
|move|p1a: Arceus|Sunsteel Strike|p2a: Iron Valiant
|-supereffective|p2a: Iron Valiant
|-damage|p2a: Iron Valiant|30/100 brn
|
|-damage|p2a: Iron Valiant|24/100 brn|[from] brn
|upkeep
|turn|27
|
|t:|1711894257
|move|p2a: Iron Valiant|Drain Punch|p1a: Arceus
|-supereffective|p1a: Arceus
|-damage|p1a: Arceus|69/100
|-heal|p2a: Iron Valiant|37/100 brn|[from] drain|[of] p1a: Arceus
|-damage|p2a: Iron Valiant|20/100 brn|[from] item: Rocky Helmet|[of] p1a: Arceus
|move|p1a: Arceus|Sunsteel Strike|p2a: Iron Valiant
|-supereffective|p2a: Iron Valiant
|-damage|p2a: Iron Valiant|0 fnt
|faint|p2a: Iron Valiant
|
|upkeep
|
|t:|1711894261
|switch|p2a: Chansey|Chansey, M, shiny|100/100
|-transform|p2a: Chansey|p1a: Arceus|[from] ability: Imposter
|turn|28
|
|t:|1711894267
|move|p1a: Arceus|Burning Bulwark|p1a: Arceus
|-singleturn|p1a: Arceus|move: Protect
|move|p2a: Chansey|Burning Bulwark||[still]
|-fail|p2a: Chansey
|
|upkeep
|turn|29
|
|t:|1711894270
|move|p1a: Arceus|Burning Bulwark||[still]
|-fail|p1a: Arceus
|move|p2a: Chansey|Glare|p1a: Arceus
|-status|p1a: Arceus|par
|
|upkeep
|turn|30
|
|t:|1711894275
|move|p1a: Arceus|Burning Bulwark|p1a: Arceus
|-singleturn|p1a: Arceus|move: Protect
|move|p2a: Chansey|Sunsteel Strike|p1a: Arceus
|-activate|p1a: Arceus|move: Protect
|-status|p2a: Chansey|brn
|
|-damage|p2a: Chansey|94/100 brn|[from] brn
|upkeep
|turn|31
|
|t:|1711894280
|move|p2a: Chansey|Sunsteel Strike|p1a: Arceus
|-damage|p1a: Arceus|60/100 par
|-damage|p2a: Chansey|78/100 brn|[from] item: Rocky Helmet|[of] p1a: Arceus
|move|p1a: Arceus|Glare||[still]
|-fail|p1a: Arceus
|
|-damage|p2a: Chansey|71/100 brn|[from] brn
|upkeep
|turn|32
|c|☆Avg Noob|Shit
|
|t:|1711894285
|move|p2a: Chansey|Sunsteel Strike|p1a: Arceus
|-damage|p1a: Arceus|52/100 par
|-damage|p2a: Chansey|55/100 brn|[from] item: Rocky Helmet|[of] p1a: Arceus
|move|p1a: Arceus|Glare||[still]
|-fail|p1a: Arceus
|
|-damage|p2a: Chansey|49/100 brn|[from] brn
|upkeep
|turn|33
|c|☆4rk4ngel|Yeah nice gg m8
|
|t:|1711894288
|move|p2a: Chansey|Sunsteel Strike|p1a: Arceus
|-damage|p1a: Arceus|43/100 par
|-damage|p2a: Chansey|32/100 brn|[from] item: Rocky Helmet|[of] p1a: Arceus
|move|p1a: Arceus|Recover|p1a: Arceus
|-heal|p1a: Arceus|93/100 par
|
|-damage|p2a: Chansey|26/100 brn|[from] brn
|upkeep
|turn|34
|c|☆Avg Noob|Gg
|
|t:|1711894293
|move|p2a: Chansey|Sunsteel Strike|p1a: Arceus
|-damage|p1a: Arceus|85/100 par
|-damage|p2a: Chansey|9/100 brn|[from] item: Rocky Helmet|[of] p1a: Arceus
|move|p1a: Arceus|Sunsteel Strike|p2a: Chansey
|-damage|p2a: Chansey|1/100 brn
|
|-damage|p2a: Chansey|0 fnt|[from] brn
|faint|p2a: Chansey
|
|win|4rk4ngel
|upkeep
|raw|4rk4ngel's rating: 1364 &rarr; <strong>1374</strong><br />(+10 for winning)
|raw|Avg Noob's rating: 1179 &rarr; <strong>1166</strong><br />(-13 for losing)
|l|☆Avg Noob
|player|p2|
|c|☆4rk4ngel|Skill issue
