|j|☆Pewpiepie
|j|☆quick release perc
|t:|1711947010
|gametype|singles
|player|p1|Pewpiepie|rocket-gen1|1470
|player|p2|quick release perc|preschoolerf|1395
|teamsize|p1|6
|teamsize|p2|6
|gen|3
|tier|[Gen 3] OU
|rated|
|rule|Sleep Clause Mod: Limit one foe put to sleep
|rule|Switch Priority Clause Mod: Faster Pokémon switch first
|rule|Species Clause: Limit one of each Pokémon
|rule|OHKO Clause: OHKO moves are banned
|rule|Evasion Items Clause: Evasion items are banned
|rule|Evasion Moves Clause: Evasion moves are banned
|rule|Endless Battle Clause: Forcing endless battles is banned
|rule|HP Percentage Mod: HP is shown in percentages
|rule|One Boost Passer Clause: Limit one Baton Passer that has a way to boost its stats
|rule|Freeze Clause Mod: Limit one foe frozen
|
|t:|1711947010
|start
|switch|p1a: Xëřņæş|Stantler, M, shiny|100/100
|switch|p2a: Raikou|Raikou|100/100
|-ability|p1a: Xëřņæş|Intimidate|boost
|-unboost|p2a: Raikou|atk|1
|turn|1
|inactive|Battle timer is ON: inactive players will automatically lose when time's up. (requested by quick release perc)
|
|t:|1711947016
|move|p2a: Raikou|Substitute|p2a: Raikou
|-start|p2a: Raikou|Substitute
|-damage|p2a: Raikou|76/100
|move|p1a: Xëřņæş|Confuse Ray||[still]
|-fail|p1a: Xëřņæş
|
|-heal|p2a: Raikou|82/100|[from] item: Leftovers
|upkeep
|turn|2
|
|t:|1711947023
|switch|p1a: Bolteon|Jolteon, M|100/100
|move|p2a: Raikou|Thunderbolt|p1a: Bolteon
|-immune|p1a: Bolteon|[from] ability: Volt Absorb
|
|-heal|p2a: Raikou|88/100|[from] item: Leftovers
|upkeep
|turn|3
|
|t:|1711947026
|move|p1a: Bolteon|Substitute|p1a: Bolteon
|-start|p1a: Bolteon|Substitute
|-damage|p1a: Bolteon|76/100
|move|p2a: Raikou|Calm Mind|p2a: Raikou
|-boost|p2a: Raikou|spa|1
|-boost|p2a: Raikou|spd|1
|
|-heal|p1a: Bolteon|82/100|[from] item: Leftovers
|-heal|p2a: Raikou|94/100|[from] item: Leftovers
|upkeep
|turn|4
|
|t:|1711947030
|move|p1a: Bolteon|Baton Pass|p1a: Bolteon
|
|t:|1711947032
|switch|p1a: Tetanus|Skarmory, F|100/100|[from] Baton Pass
|move|p2a: Raikou|Hidden Power|p1a: Tetanus
|-resisted|p1a: Tetanus
|-crit|p1a: Tetanus
|-activate|p1a: Tetanus|Substitute|[damage]
|
|-heal|p2a: Raikou|100/100|[from] item: Leftovers
|upkeep
|turn|5
|
|t:|1711947035
|move|p2a: Raikou|Thunderbolt|p1a: Tetanus
|-supereffective|p1a: Tetanus
|-end|p1a: Tetanus|Substitute
|move|p1a: Tetanus|Whirlwind|p2a: Raikou
|drag|p2a: Dugtrio|Dugtrio, M|100/100
|
|upkeep
|turn|6
|
|t:|1711947040
|switch|p2a: Zapdos|Zapdos|100/100
|move|p1a: Tetanus|Sand Attack|p2a: Zapdos
|-unboost|p2a: Zapdos|accuracy|1
|
|upkeep
|turn|7
|
|t:|1711947050
|switch|p1a: Bolteon|Jolteon, M|82/100
|move|p2a: Zapdos|Thunderbolt|p1a: Bolteon|[miss]
|-miss|p2a: Zapdos|p1a: Bolteon
|
|-heal|p1a: Bolteon|88/100|[from] item: Leftovers
|upkeep
|turn|8
|
|t:|1711947063
|switch|p2a: Raikou|Raikou|100/100
|move|p1a: Bolteon|Sand Attack|p2a: Raikou
|-unboost|p2a: Raikou|accuracy|1
|
|-heal|p1a: Bolteon|94/100|[from] item: Leftovers
|upkeep
|turn|9
|
|t:|1711947084
|switch|p2a: Zapdos|Zapdos|100/100
|move|p1a: Bolteon|Sand Attack|p2a: Zapdos
|-unboost|p2a: Zapdos|accuracy|1
|
|-heal|p1a: Bolteon|99/100|[from] item: Leftovers
|upkeep
|turn|10
|
|t:|1711947089
|switch|p2a: Raikou|Raikou|100/100
|move|p1a: Bolteon|Substitute|p1a: Bolteon
|-start|p1a: Bolteon|Substitute
|-damage|p1a: Bolteon|75/100
|
|-heal|p1a: Bolteon|81/100|[from] item: Leftovers
|upkeep
|turn|11
|
|t:|1711947093
|move|p1a: Bolteon|Sand Attack|p2a: Raikou
|-unboost|p2a: Raikou|accuracy|1
|move|p2a: Raikou|Substitute|p2a: Raikou
|-start|p2a: Raikou|Substitute
|-damage|p2a: Raikou|76/100
|
|-heal|p1a: Bolteon|87/100|[from] item: Leftovers
|-heal|p2a: Raikou|82/100|[from] item: Leftovers
|upkeep
|turn|12
|
|t:|1711947099
|switch|p2a: Zapdos|Zapdos|100/100
|move|p1a: Bolteon|Baton Pass|p1a: Bolteon
|
|t:|1711947104
|switch|p1a: Vangoh fk urself|Smeargle, M, shiny|100/100|[from] Baton Pass
|
|upkeep
|turn|13
|
|t:|1711947112
|switch|p2a: Claydol|Claydol|100/100
|move|p1a: Vangoh fk urself|Spore|p2a: Claydol
|-status|p2a: Claydol|slp|[from] move: Spore
|
|upkeep
|turn|14
|
|t:|1711947116
|switch|p2a: Zapdos|Zapdos|100/100
|move|p1a: Vangoh fk urself|Belly Drum|p1a: Vangoh fk urself
|-damage|p1a: Vangoh fk urself|51/100
|-setboost|p1a: Vangoh fk urself|atk|6|[from] move: Belly Drum
|
|upkeep
|turn|15
|
|t:|1711947122
|move|p1a: Vangoh fk urself|Baton Pass|p1a: Vangoh fk urself
|
|t:|1711947124
|switch|p1a: Petrie|Aerodactyl, M|100/100|[from] Baton Pass
|move|p2a: Zapdos|Roar|p1a: Petrie
|drag|p1a: Umbryo|Umbreon, M, shiny|100/100
|
|upkeep
|turn|16
|
|t:|1711947128
|move|p2a: Zapdos|Toxic|p1a: Umbryo
|-status|p1a: Umbryo|tox
|-status|p2a: Zapdos|psn|[from] ability: Synchronize|[of] p1a: Umbryo
|move|p1a: Umbryo|Confuse Ray|p2a: Zapdos
|-start|p2a: Zapdos|confusion
|
|-damage|p2a: Zapdos|88/100 psn|[from] psn
|-damage|p1a: Umbryo|94/100 tox|[from] psn
|upkeep
|turn|17
|
|t:|1711947132
|switch|p2a: Raikou|Raikou|82/100
|move|p1a: Umbryo|Substitute|p1a: Umbryo
|-start|p1a: Umbryo|Substitute
|-damage|p1a: Umbryo|70/100 tox
|
|-heal|p2a: Raikou|88/100|[from] item: Leftovers
|-heal|p1a: Umbryo|76/100 tox|[from] item: Leftovers
|-damage|p1a: Umbryo|63/100 tox|[from] psn
|upkeep
|turn|18
|
|t:|1711947136
|move|p2a: Raikou|Substitute|p2a: Raikou
|-start|p2a: Raikou|Substitute
|-damage|p2a: Raikou|63/100
|move|p1a: Umbryo|Baton Pass|p1a: Umbryo
|
|t:|1711947141
|switch|p1a: Tetanus|Skarmory, F|100/100|[from] Baton Pass
|
|-heal|p2a: Raikou|69/100|[from] item: Leftovers
|upkeep
|turn|19
|
|t:|1711947145
|move|p2a: Raikou|Thunderbolt|p1a: Tetanus
|-supereffective|p1a: Tetanus
|-end|p1a: Tetanus|Substitute
|move|p1a: Tetanus|Whirlwind|p2a: Raikou
|drag|p2a: Metagross|Metagross|100/100
|
|upkeep
|turn|20
|
|t:|1711947160
|move|p2a: Metagross|Meteor Mash|p1a: Tetanus
|-resisted|p1a: Tetanus
|-damage|p1a: Tetanus|68/100
|move|p1a: Tetanus|Spikes|p2a: Metagross
|-sidestart|p2: quick release perc|Spikes
|
|-heal|p1a: Tetanus|74/100|[from] item: Leftovers
|upkeep
|turn|21
|
|t:|1711947164
|move|p2a: Metagross|Meteor Mash|p1a: Tetanus
|-resisted|p1a: Tetanus
|-damage|p1a: Tetanus|42/100
|move|p1a: Tetanus|Spikes|p2a: Metagross
|-sidestart|p2: quick release perc|Spikes
|
|-heal|p1a: Tetanus|48/100|[from] item: Leftovers
|upkeep
|turn|22
|
|t:|1711947167
|move|p2a: Metagross|Meteor Mash|p1a: Tetanus
|-resisted|p1a: Tetanus
|-damage|p1a: Tetanus|16/100
|move|p1a: Tetanus|Spikes|p2a: Metagross
|-sidestart|p2: quick release perc|Spikes
|
|-heal|p1a: Tetanus|22/100|[from] item: Leftovers
|upkeep
|turn|23
|
|t:|1711947174
|switch|p1a: Umbryo|Umbreon, M, shiny|63/100 tox
|move|p2a: Metagross|Meteor Mash|p1a: Umbryo|[miss]
|-miss|p2a: Metagross|p1a: Umbryo
|
|-heal|p1a: Umbryo|70/100 tox|[from] item: Leftovers
|-damage|p1a: Umbryo|63/100 tox|[from] psn
|upkeep
|turn|24
|
|t:|1711947178
|move|p2a: Metagross|Meteor Mash|p1a: Umbryo
|-damage|p1a: Umbryo|9/100 tox
|move|p1a: Umbryo|Confuse Ray|p2a: Metagross
|-start|p2a: Metagross|confusion
|
|-heal|p1a: Umbryo|15/100 tox|[from] item: Leftovers
|-damage|p1a: Umbryo|3/100 tox|[from] psn
|upkeep
|turn|25
|
|t:|1711947186
|-activate|p2a: Metagross|confusion
|move|p2a: Metagross|Meteor Mash|p1a: Umbryo
|-damage|p1a: Umbryo|0 fnt
|faint|p1a: Umbryo
|
|t:|1711947200
|switch|p1a: Bolteon|Jolteon, M|87/100
|
|-heal|p1a: Bolteon|93/100|[from] item: Leftovers
|upkeep
|turn|26
|
|t:|1711947206
|switch|p2a: Claydol|Claydol|100/100 slp
|move|p1a: Bolteon|Substitute|p1a: Bolteon
|-start|p1a: Bolteon|Substitute
|-damage|p1a: Bolteon|68/100
|
|-heal|p1a: Bolteon|74/100|[from] item: Leftovers
|upkeep
|turn|27
|
|t:|1711947210
|move|p1a: Bolteon|Baton Pass|p1a: Bolteon
|
|t:|1711947212
|switch|p1a: Vangoh fk urself|Smeargle, M, shiny|51/100|[from] Baton Pass
|cant|p2a: Claydol|slp
|
|upkeep
|turn|28
|
|t:|1711947220
|move|p1a: Vangoh fk urself|Belly Drum|p1a: Vangoh fk urself
|-damage|p1a: Vangoh fk urself|1/100
|-setboost|p1a: Vangoh fk urself|atk|6|[from] move: Belly Drum
|cant|p2a: Claydol|slp
|
|upkeep
|turn|29
|
|t:|1711947224
|move|p1a: Vangoh fk urself|Baton Pass|p1a: Vangoh fk urself
|
|t:|1711947227
|switch|p1a: Petrie|Aerodactyl, M|100/100|[from] Baton Pass
|cant|p2a: Claydol|slp
|
|upkeep
|turn|30
|
|t:|1711947232
|move|p1a: Petrie|Double-Edge|p2a: Claydol
|-damage|p2a: Claydol|0 fnt
|faint|p2a: Claydol
|-message|quick release perc forfeited.
|
|win|Pewpiepie
|raw|Pewpiepie's rating: 1470 &rarr; <strong>1486</strong><br />(+16 for winning)
|raw|quick release perc's rating: 1395 &rarr; <strong>1379</strong><br />(-16 for losing)
|l|☆quick release perc
|player|p2|
