{"id":"gen2ou-2093247296","format":"[Gen 2] OU","players":["freekruler99","Zachary.wiles"],"log":"|j|\u2606freekruler99\n|j|\u2606Zachary.wiles\n|t:|1711929930\n|gametype|singles\n|player|p1|freekruler99|striker|\n|player|p2|Zachary.wiles|crasherwake|\n|teamsize|p1|6\n|teamsize|p2|6\n|gen|2\n|tier|[Gen 2] OU\n|rule|Sleep Clause Mod: Limit one foe put to sleep\n|rule|Freeze Clause Mod: Limit one foe frozen\n|rule|Species Clause: Limit one of each Pok\u00e9mon\n|rule|OHKO Clause: OHKO moves are banned\n|rule|Evasion Items Clause: Evasion items are banned\n|rule|Evasion Moves Clause: Evasion moves are banned\n|rule|Endless Battle Clause: Forcing endless battles is banned\n|rule|HP Percentage Mod: HP is shown in percentages\n|\n|t:|1711929930\n|start\n|switch|p1a: Spike Lee|Qwilfish, M|100\/100\n|switch|p2a: Ampharos|Ampharos, M|100\/100\n|turn|1\n|\n|t:|1711929972\n|switch|p1a: PeenJoke|Rhydon, M|100\/100\n|move|p2a: Ampharos|Thunder|p1a: PeenJoke\n|-immune|p1a: PeenJoke\n|\n|upkeep\n|turn|2\n|\n|t:|1711930017\n|switch|p2a: Lickitung|Lickitung, M|100\/100\n|move|p1a: PeenJoke|Curse|p1a: PeenJoke\n|-unboost|p1a: PeenJoke|spe|1\n|-boost|p1a: PeenJoke|atk|1\n|-boost|p1a: PeenJoke|def|1\n|\n|upkeep\n|turn|3\n|\n|t:|1711930042\n|move|p2a: Lickitung|Surf|p1a: PeenJoke\n|-supereffective|p1a: PeenJoke\n|-damage|p1a: PeenJoke|15\/100\n|move|p1a: PeenJoke|Earthquake|p2a: Lickitung\n|-damage|p2a: Lickitung|33\/100\n|\n|-heal|p2a: Lickitung|39\/100|[from] item: Leftovers\n|-heal|p1a: PeenJoke|21\/100|[from] item: Leftovers\n|upkeep\n|turn|4\n|\n|t:|1711930071\n|switch|p1a: Spike Lee|Qwilfish, M|100\/100\n|move|p2a: Lickitung|Rest|p2a: Lickitung\n|-status|p2a: Lickitung|slp|[from] move: Rest\n|-heal|p2a: Lickitung|100\/100 slp|[silent]\n|\n|upkeep\n|turn|5\n|\n|t:|1711930078\n|move|p1a: Spike Lee|Spikes|p2a: Lickitung\n|-sidestart|p2: Zachary.wiles|Spikes\n|cant|p2a: Lickitung|slp\n|move|p2a: Lickitung|Sleep Talk|p2a: Lickitung\n|move|p2a: Lickitung|Rest|p2a: Lickitung|[from]Sleep Talk\n|-fail|p2a: Lickitung\n|\n|upkeep\n|turn|6\n|\n|t:|1711930088\n|move|p1a: Spike Lee|Curse|p1a: Spike Lee\n|-unboost|p1a: Spike Lee|spe|1\n|-boost|p1a: Spike Lee|atk|1\n|-boost|p1a: Spike Lee|def|1\n|cant|p2a: Lickitung|slp\n|move|p2a: Lickitung|Sleep Talk|p2a: Lickitung\n|move|p2a: Lickitung|Rest|p2a: Lickitung|[from]Sleep Talk\n|-fail|p2a: Lickitung\n|\n|upkeep\n|turn|7\n|\n|t:|1711930097\n|move|p1a: Spike Lee|Curse|p1a: Spike Lee\n|-unboost|p1a: Spike Lee|spe|1\n|-boost|p1a: Spike Lee|atk|1\n|-boost|p1a: Spike Lee|def|1\n|-curestatus|p2a: Lickitung|slp|[msg]\n|move|p2a: Lickitung|Earthquake|p1a: Spike Lee\n|-crit|p1a: Spike Lee\n|-supereffective|p1a: Spike Lee\n|-damage|p1a: Spike Lee|23\/100\n|\n|-heal|p1a: Spike Lee|29\/100|[from] item: Leftovers\n|upkeep\n|turn|8\n|\n|t:|1711930120\n|move|p2a: Lickitung|Earthquake|p1a: Spike Lee\n|-supereffective|p1a: Spike Lee\n|-damage|p1a: Spike Lee|10\/100\n|move|p1a: Spike Lee|Sludge Bomb|p2a: Lickitung\n|-damage|p2a: Lickitung|38\/100\n|\n|-heal|p2a: Lickitung|44\/100|[from] item: Leftovers\n|-heal|p1a: Spike Lee|16\/100|[from] item: Leftovers\n|upkeep\n|turn|9\n|\n|t:|1711930137\n|move|p2a: Lickitung|Earthquake|p1a: Spike Lee\n|-supereffective|p1a: Spike Lee\n|-damage|p1a: Spike Lee|0 fnt\n|faint|p1a: Spike Lee\n|\n|t:|1711930176\n|switch|p1a: PeenJoke|Rhydon, M|21\/100\n|\n|-heal|p1a: PeenJoke|27\/100|[from] item: Leftovers\n|-heal|p2a: Lickitung|50\/100|[from] item: Leftovers\n|upkeep\n|turn|10\n|\n|t:|1711930187\n|move|p1a: PeenJoke|Earthquake|p2a: Lickitung\n|-damage|p2a: Lickitung|6\/100\n|move|p2a: Lickitung|Surf|p1a: PeenJoke\n|-supereffective|p1a: PeenJoke\n|-damage|p1a: PeenJoke|0 fnt\n|faint|p1a: PeenJoke\n|\n|t:|1711930217\n|switch|p1a: Buzz Aldrin|Raichu, M|100\/100\n|\n|-heal|p2a: Lickitung|12\/100|[from] item: Leftovers\n|upkeep\n|turn|11\n|\n|t:|1711930258\n|move|p1a: Buzz Aldrin|Surf|p2a: Lickitung\n|-damage|p2a: Lickitung|0 fnt\n|faint|p2a: Lickitung\n|\n|t:|1711930262\n|switch|p2a: Tauros|Tauros, M|100\/100\n|-damage|p2a: Tauros|88\/100|[from] Spikes\n|\n|-heal|p2a: Tauros|94\/100|[from] item: Leftovers\n|upkeep\n|turn|12\n|\n|t:|1711930349\n|move|p2a: Tauros|Earthquake|p1a: Buzz Aldrin\n|-supereffective|p1a: Buzz Aldrin\n|-damage|p1a: Buzz Aldrin|35\/100\n|move|p1a: Buzz Aldrin|Thunder|p2a: Tauros\n|-damage|p2a: Tauros|45\/100\n|\n|-heal|p2a: Tauros|51\/100|[from] item: Leftovers\n|-heal|p1a: Buzz Aldrin|41\/100|[from] item: Leftovers\n|upkeep\n|turn|13\n|\n|t:|1711930382\n|switch|p1a: TentaclePorn|Shuckle, M|100\/100\n|move|p2a: Tauros|Earthquake|p1a: TentaclePorn\n|-damage|p1a: TentaclePorn|84\/100\n|\n|-heal|p2a: Tauros|57\/100|[from] item: Leftovers\n|-heal|p1a: TentaclePorn|91\/100|[from] item: Leftovers\n|upkeep\n|turn|14\n|\n|t:|1711930424\n|switch|p2a: Golem|Golem, M|100\/100\n|-damage|p2a: Golem|88\/100|[from] Spikes\n|move|p1a: TentaclePorn|Toxic|p2a: Golem\n|-status|p2a: Golem|tox\n|\n|-heal|p2a: Golem|94\/100 tox|[from] item: Leftovers\n|-heal|p1a: TentaclePorn|97\/100|[from] item: Leftovers\n|upkeep\n|turn|15\n|\n|t:|1711930440\n|move|p2a: Golem|Rock Slide|p1a: TentaclePorn\n|-supereffective|p1a: TentaclePorn\n|-damage|p1a: TentaclePorn|56\/100\n|-damage|p2a: Golem|88\/100 tox|[from] psn\n|move|p1a: TentaclePorn|Defense Curl|p1a: TentaclePorn\n|-boost|p1a: TentaclePorn|def|1\n|\n|-heal|p2a: Golem|94\/100 tox|[from] item: Leftovers\n|-heal|p1a: TentaclePorn|62\/100|[from] item: Leftovers\n|upkeep\n|turn|16\n|\n|t:|1711930465\n|move|p2a: Golem|Rock Slide|p1a: TentaclePorn|[miss]\n|-miss|p2a: Golem\n|-damage|p2a: Golem|82\/100 tox|[from] psn\n|move|p1a: TentaclePorn|Defense Curl|p1a: TentaclePorn\n|-boost|p1a: TentaclePorn|def|1\n|\n|-heal|p2a: Golem|88\/100 tox|[from] item: Leftovers\n|-heal|p1a: TentaclePorn|68\/100|[from] item: Leftovers\n|upkeep\n|turn|17\n|\n|t:|1711930485\n|move|p1a: TentaclePorn|Rest|p1a: TentaclePorn\n|-status|p1a: TentaclePorn|slp|[from] move: Rest\n|-heal|p1a: TentaclePorn|100\/100 slp|[silent]\n|move|p2a: Golem|Roar|p1a: TentaclePorn\n|drag|p1a: Saturn|Umbreon, M|100\/100\n|-damage|p2a: Golem|70\/100 tox|[from] psn\n|\n|-heal|p2a: Golem|76\/100 tox|[from] item: Leftovers\n|upkeep\n|turn|18\n|\n|t:|1711930512\n|move|p1a: Saturn|Growth|p1a: Saturn\n|-boost|p1a: Saturn|spa|1\n|move|p2a: Golem|Earthquake|p1a: Saturn\n|-damage|p1a: Saturn|71\/100\n|-damage|p2a: Golem|52\/100 tox|[from] psn\n|\n|-heal|p1a: Saturn|77\/100|[from] item: Leftovers\n|-heal|p2a: Golem|58\/100 tox|[from] item: Leftovers\n|upkeep\n|turn|19\n|\n|t:|1711930536\n|move|p1a: Saturn|Hidden Power|p2a: Golem\n|-damage|p2a: Golem|24\/100 tox\n|move|p2a: Golem|Roar|p1a: Saturn\n|drag|p1a: Spoons|Alakazam, M|100\/100\n|-damage|p2a: Golem|0 fnt|[from] psn\n|faint|p2a: Golem\n|\n|t:|1711930576\n|switch|p2a: Ampharos|Ampharos, M|100\/100\n|-damage|p2a: Ampharos|88\/100|[from] Spikes\n|\n|-heal|p2a: Ampharos|94\/100|[from] item: Leftovers\n|upkeep\n|turn|20\n|\n|t:|1711930590\n|switch|p1a: TentaclePorn|Shuckle, M|100\/100 slp\n|move|p2a: Ampharos|Thunder Wave||[still]\n|-fail|p2a: Ampharos\n|\n|-heal|p2a: Ampharos|100\/100|[from] item: Leftovers\n|upkeep\n|turn|21\n|\n|t:|1711930601\n|switch|p2a: Cloyster|Cloyster, M|100\/100\n|-damage|p2a: Cloyster|88\/100|[from] Spikes\n|cant|p1a: TentaclePorn|slp\n|\n|-heal|p2a: Cloyster|94\/100|[from] item: Leftovers\n|upkeep\n|turn|22\n|\n|t:|1711930611\n|move|p2a: Cloyster|Spikes|p1a: TentaclePorn\n|-sidestart|p1: freekruler99|Spikes\n|cant|p1a: TentaclePorn|slp\n|\n|-heal|p2a: Cloyster|99\/100|[from] item: Leftovers\n|upkeep\n|turn|23\n|\n|t:|1711930616\n|move|p2a: Cloyster|Surf|p1a: TentaclePorn\n|-supereffective|p1a: TentaclePorn\n|-damage|p1a: TentaclePorn|58\/100 slp\n|-curestatus|p1a: TentaclePorn|slp|[msg]\n|move|p1a: TentaclePorn|Toxic|p2a: Cloyster|[miss]\n|-miss|p1a: TentaclePorn\n|\n|-heal|p2a: Cloyster|100\/100|[from] item: Leftovers\n|-heal|p1a: TentaclePorn|64\/100|[from] item: Leftovers\n|upkeep\n|turn|24\n|\n|t:|1711930628\n|move|p2a: Cloyster|Surf|p1a: TentaclePorn\n|-supereffective|p1a: TentaclePorn\n|-damage|p1a: TentaclePorn|21\/100\n|move|p1a: TentaclePorn|Toxic|p2a: Cloyster\n|-status|p2a: Cloyster|tox\n|\n|-heal|p1a: TentaclePorn|27\/100|[from] item: Leftovers\n|upkeep\n|turn|25\n|\n|t:|1711930664\n|switch|p1a: Buzz Aldrin|Raichu, M|41\/100\n|-damage|p1a: Buzz Aldrin|28\/100|[from] Spikes\n|move|p2a: Cloyster|Surf|p1a: Buzz Aldrin\n|-damage|p1a: Buzz Aldrin|0 fnt\n|faint|p1a: Buzz Aldrin\n|\n|t:|1711930682\n|switch|p1a: Saturn|Umbreon, M|77\/100\n|-damage|p1a: Saturn|65\/100|[from] Spikes\n|\n|-heal|p1a: Saturn|71\/100|[from] item: Leftovers\n|upkeep\n|turn|26\n|\n|t:|1711930692\n|move|p2a: Cloyster|Toxic|p1a: Saturn\n|-status|p1a: Saturn|tox\n|-damage|p2a: Cloyster|95\/100 tox|[from] psn\n|move|p1a: Saturn|Moonlight|p1a: Saturn\n|-heal|p1a: Saturn|100\/100 tox\n|-damage|p1a: Saturn|94\/100 tox|[from] psn\n|\n|-heal|p2a: Cloyster|100\/100 tox|[from] item: Leftovers\n|-heal|p1a: Saturn|100\/100 tox|[from] item: Leftovers\n|upkeep\n|turn|27\n|\n|t:|1711930704\n|move|p2a: Cloyster|Surf|p1a: Saturn\n|-damage|p1a: Saturn|77\/100 tox\n|-damage|p2a: Cloyster|89\/100 tox|[from] psn\n|move|p1a: Saturn|Growth|p1a: Saturn\n|-boost|p1a: Saturn|spa|1\n|-damage|p1a: Saturn|65\/100 tox|[from] psn\n|\n|-heal|p2a: Cloyster|95\/100 tox|[from] item: Leftovers\n|-heal|p1a: Saturn|71\/100 tox|[from] item: Leftovers\n|upkeep\n|turn|28\n|\n|t:|1711930765\n|move|p2a: Cloyster|Surf|p1a: Saturn\n|-crit|p1a: Saturn\n|-damage|p1a: Saturn|25\/100 tox\n|-damage|p2a: Cloyster|77\/100 tox|[from] psn\n|move|p1a: Saturn|Moonlight|p1a: Saturn\n|-heal|p1a: Saturn|75\/100 tox\n|-damage|p1a: Saturn|57\/100 tox|[from] psn\n|\n|-heal|p2a: Cloyster|83\/100 tox|[from] item: Leftovers\n|-heal|p1a: Saturn|63\/100 tox|[from] item: Leftovers\n|upkeep\n|turn|29\n|\n|t:|1711930813\n|switch|p1a: TentaclePorn|Shuckle, M|27\/100\n|-damage|p1a: TentaclePorn|15\/100|[from] Spikes\n|move|p2a: Cloyster|Explosion|p1a: TentaclePorn\n|-resisted|p1a: TentaclePorn\n|-damage|p1a: TentaclePorn|0 fnt\n|faint|p2a: Cloyster\n|faint|p1a: TentaclePorn\n|\n|t:|1711930843\n|switch|p2a: Ampharos|Ampharos, M|100\/100\n|switch|p1a: Saturn|Umbreon, M|63\/100 tox\n|-status|p1a: Saturn|psn|[silent]\n|-damage|p1a: Saturn|50\/100 psn|[from] Spikes\n|-damage|p2a: Ampharos|88\/100|[from] Spikes\n|\n|-heal|p1a: Saturn|56\/100 psn|[from] item: Leftovers\n|-heal|p2a: Ampharos|94\/100|[from] item: Leftovers\n|upkeep\n|turn|30\n|\n|t:|1711930855\n|move|p1a: Saturn|Moonlight|p1a: Saturn\n|-heal|p1a: Saturn|100\/100 psn\n|-damage|p1a: Saturn|88\/100 psn|[from] psn\n|move|p2a: Ampharos|Thunder|p1a: Saturn\n|-damage|p1a: Saturn|57\/100 psn\n|\n|-heal|p1a: Saturn|63\/100 psn|[from] item: Leftovers\n|-heal|p2a: Ampharos|100\/100|[from] item: Leftovers\n|upkeep\n|turn|31\n|\n|t:|1711930885\n|move|p1a: Saturn|Moonlight|p1a: Saturn\n|-heal|p1a: Saturn|100\/100 psn\n|-damage|p1a: Saturn|88\/100 psn|[from] psn\n|move|p2a: Ampharos|Thunder|p1a: Saturn\n|-damage|p1a: Saturn|56\/100 psn\n|\n|-heal|p1a: Saturn|62\/100 psn|[from] item: Leftovers\n|upkeep\n|turn|32\n|\n|t:|1711930901\n|move|p1a: Saturn|Moonlight|p1a: Saturn\n|-heal|p1a: Saturn|100\/100 psn\n|-damage|p1a: Saturn|88\/100 psn|[from] psn\n|move|p2a: Ampharos|Thunder|p1a: Saturn|[miss]\n|-miss|p2a: Ampharos\n|\n|-heal|p1a: Saturn|94\/100 psn|[from] item: Leftovers\n|upkeep\n|turn|33\n|\n|t:|1711930912\n|move|p1a: Saturn|Growth|p1a: Saturn\n|-boost|p1a: Saturn|spa|1\n|-damage|p1a: Saturn|82\/100 psn|[from] psn\n|move|p2a: Ampharos|Thunder|p1a: Saturn|[miss]\n|-miss|p2a: Ampharos\n|\n|-heal|p1a: Saturn|88\/100 psn|[from] item: Leftovers\n|upkeep\n|turn|34\n|\n|t:|1711930926\n|move|p1a: Saturn|Growth|p1a: Saturn\n|-boost|p1a: Saturn|spa|1\n|-damage|p1a: Saturn|75\/100 psn|[from] psn\n|move|p2a: Ampharos|Thunder|p1a: Saturn\n|-damage|p1a: Saturn|40\/100 psn\n|\n|-heal|p1a: Saturn|46\/100 psn|[from] item: Leftovers\n|upkeep\n|turn|35\n|\n|t:|1711930944\n|move|p1a: Saturn|Moonlight|p1a: Saturn\n|-heal|p1a: Saturn|96\/100 psn\n|-damage|p1a: Saturn|84\/100 psn|[from] psn\n|move|p2a: Ampharos|Thunder Wave||[still]\n|-fail|p2a: Ampharos\n|\n|-heal|p1a: Saturn|90\/100 psn|[from] item: Leftovers\n|upkeep\n|turn|36\n|\n|t:|1711930955\n|move|p1a: Saturn|Growth|p1a: Saturn\n|-boost|p1a: Saturn|spa|1\n|-damage|p1a: Saturn|77\/100 psn|[from] psn\n|move|p2a: Ampharos|Thunder|p1a: Saturn\n|-damage|p1a: Saturn|47\/100 psn\n|\n|-heal|p1a: Saturn|53\/100 psn|[from] item: Leftovers\n|upkeep\n|turn|37\n|\n|t:|1711930976\n|move|p1a: Saturn|Moonlight|p1a: Saturn\n|-heal|p1a: Saturn|100\/100 psn\n|-damage|p1a: Saturn|88\/100 psn|[from] psn\n|move|p2a: Ampharos|Thunder Wave||[still]\n|-fail|p2a: Ampharos\n|\n|-heal|p1a: Saturn|94\/100 psn|[from] item: Leftovers\n|upkeep\n|turn|38\n|\n|t:|1711930987\n|move|p1a: Saturn|Baton Pass|p1a: Saturn\n|\n|t:|1711930989\n|switch|p1a: Spoons|Alakazam, M|100\/100|[from] Baton Pass\n|-damage|p1a: Spoons|88\/100|[from] Spikes\n|move|p2a: Ampharos|Thunder|p1a: Spoons|[miss]\n|-miss|p2a: Ampharos\n|\n|-heal|p1a: Spoons|94\/100|[from] item: Leftovers\n|upkeep\n|turn|39\n|\n|t:|1711931022\n|move|p1a: Spoons|Psychic|p2a: Ampharos\n|-damage|p2a: Ampharos|9\/100\n|move|p2a: Ampharos|Thunder Wave|p1a: Spoons\n|-status|p1a: Spoons|par\n|\n|-heal|p2a: Ampharos|15\/100|[from] item: Leftovers\n|-heal|p1a: Spoons|99\/100 par|[from] item: Leftovers\n|upkeep\n|turn|40\n|\n|t:|1711931033\n|move|p2a: Ampharos|Rest|p2a: Ampharos\n|-status|p2a: Ampharos|slp|[from] move: Rest\n|-heal|p2a: Ampharos|100\/100 slp|[silent]\n|cant|p1a: Spoons|par\n|\n|-heal|p1a: Spoons|100\/100 par|[from] item: Leftovers\n|upkeep\n|turn|41\n|\n|t:|1711931050\n|cant|p2a: Ampharos|slp\n|move|p1a: Spoons|Psychic|p2a: Ampharos\n|-damage|p2a: Ampharos|7\/100 slp\n|\n|-heal|p2a: Ampharos|14\/100 slp|[from] item: Leftovers\n|upkeep\n|turn|42\n|\n|t:|1711931059\n|cant|p2a: Ampharos|slp\n|move|p2a: Ampharos|Sleep Talk|p2a: Ampharos\n|move|p2a: Ampharos|Thunder Wave|p1a: Spoons|[from]Sleep Talk\n|-fail|p1a: Spoons|par\n|cant|p1a: Spoons|par\n|\n|-heal|p2a: Ampharos|20\/100 slp|[from] item: Leftovers\n|upkeep\n|turn|43\n|\n|t:|1711931068\n|-curestatus|p2a: Ampharos|slp|[msg]\n|move|p2a: Ampharos|Rest|p2a: Ampharos\n|-status|p2a: Ampharos|slp|[from] move: Rest\n|-heal|p2a: Ampharos|100\/100 slp|[silent]\n|cant|p1a: Spoons|par\n|\n|upkeep\n|turn|44\n|\n|t:|1711931076\n|cant|p2a: Ampharos|slp\n|move|p2a: Ampharos|Sleep Talk|p2a: Ampharos\n|move|p2a: Ampharos|Rest|p2a: Ampharos|[from]Sleep Talk\n|-fail|p2a: Ampharos\n|move|p1a: Spoons|Psychic|p2a: Ampharos\n|-crit|p2a: Ampharos\n|-damage|p2a: Ampharos|0 fnt\n|faint|p2a: Ampharos\n|\n|t:|1711931097\n|switch|p2a: Tauros|Tauros, M|57\/100\n|-damage|p2a: Tauros|45\/100|[from] Spikes\n|\n|-heal|p2a: Tauros|51\/100|[from] item: Leftovers\n|upkeep\n|turn|45\n|\n|t:|1711931112\n|move|p2a: Tauros|Rest|p2a: Tauros\n|-status|p2a: Tauros|slp|[from] move: Rest\n|-heal|p2a: Tauros|100\/100 slp|[silent]\n|cant|p1a: Spoons|par\n|\n|upkeep\n|turn|46\n|\n|t:|1711931118\n|cant|p2a: Tauros|slp\n|move|p2a: Tauros|Sleep Talk|p2a: Tauros\n|move|p2a: Tauros|Earthquake|p1a: Spoons|[from]Sleep Talk\n|-damage|p1a: Spoons|63\/100 par\n|move|p1a: Spoons|Psychic|p2a: Tauros\n|-damage|p2a: Tauros|0 fnt\n|faint|p2a: Tauros\n|\n|t:|1711931127\n|switch|p2a: Gengar|Gengar, M|100\/100\n|-damage|p2a: Gengar|88\/100|[from] Spikes\n|\n|-heal|p2a: Gengar|94\/100|[from] item: Leftovers\n|-heal|p1a: Spoons|69\/100 par|[from] item: Leftovers\n|upkeep\n|turn|47\n|\n|t:|1711931137\n|move|p2a: Gengar|Thunderbolt|p1a: Spoons\n|-damage|p1a: Spoons|36\/100 par\n|move|p1a: Spoons|Psychic|p2a: Gengar\n|-supereffective|p2a: Gengar\n|-damage|p2a: Gengar|0 fnt\n|faint|p2a: Gengar\n|\n|win|freekruler99\n","uploadtime":1711931144,"views":17,"formatid":"gen2ou","rating":null,"private":0,"password":null}