{"id":"gen9doublesou-2093372885","format":"[Gen 9] Doubles OU","players":["Hnayyar","Livaras"],"log":"|j|\u2606Hnayyar\n|j|\u2606Livaras\n|t:|1711946421\n|gametype|doubles\n|player|p1|Hnayyar|102|1252\n|player|p2|Livaras|elesa-gen5bw2|1334\n|teamsize|p1|6\n|teamsize|p2|6\n|gen|9\n|tier|[Gen 9] Doubles OU\n|rated|\n|rule|Species Clause: Limit one of each Pok\u00e9mon\n|rule|OHKO Clause: OHKO moves are banned\n|rule|Evasion Moves Clause: Evasion moves are banned\n|rule|Gravity Sleep Clause: The combination of sleep-inducing moves with imperfect accuracy and Gravity or Gigantamax Orbeetle are banned\n|rule|Endless Battle Clause: Forcing endless battles is banned\n|rule|HP Percentage Mod: HP is shown in percentages\n|clearpoke\n|poke|p1|Oranguru, F|\n|poke|p1|Torkoal, M|\n|poke|p1|Exeggutor, M|\n|poke|p1|Incineroar, M|\n|poke|p1|Kingambit, F|\n|poke|p1|Blastoise, F|\n|poke|p2|Terrakion|\n|poke|p2|Maushold|\n|poke|p2|Mew|\n|poke|p2|Sylveon, M|\n|poke|p2|Incineroar, F|\n|poke|p2|Amoonguss, F|\n|teampreview\n|\n|t:|1711946431\n|start\n|switch|p1a: Blastoise|Blastoise, F|100\/100\n|switch|p1b: Oranguru|Oranguru, F|100\/100\n|switch|p2a: Maushold|Maushold, shiny|100\/100\n|switch|p2b: Terrakion|Terrakion, shiny|100\/100\n|turn|1\n|\n|t:|1711946456\n|-terastallize|p2b: Terrakion|Grass\n|move|p2a: Maushold|Beat Up|p2b: Terrakion\n|-damage|p2b: Terrakion|98\/100\n|-ability|p2b: Terrakion|Justified|boost\n|-boost|p2b: Terrakion|atk|1\n|-damage|p2b: Terrakion|95\/100\n|-ability|p2b: Terrakion|Justified|boost\n|-boost|p2b: Terrakion|atk|1\n|-damage|p2b: Terrakion|92\/100\n|-ability|p2b: Terrakion|Justified|boost\n|-boost|p2b: Terrakion|atk|1\n|-damage|p2b: Terrakion|90\/100\n|-ability|p2b: Terrakion|Justified|boost\n|-boost|p2b: Terrakion|atk|1\n|-damage|p2b: Terrakion|87\/100\n|-ability|p2b: Terrakion|Justified|boost\n|-boost|p2b: Terrakion|atk|1\n|-crit|p2b: Terrakion\n|-damage|p2b: Terrakion|84\/100\n|-ability|p2b: Terrakion|Justified|boost\n|-boost|p2b: Terrakion|atk|1\n|-hitcount|p2b: Terrakion|6\n|move|p2b: Terrakion|Rock Slide|p1a: Blastoise|[spread] p1b\n|-miss|p2b: Terrakion|p1a: Blastoise\n|-damage|p1b: Oranguru|0 fnt\n|faint|p1b: Oranguru\n|move|p1a: Blastoise|Shell Smash|p1a: Blastoise\n|-unboost|p1a: Blastoise|def|1\n|-unboost|p1a: Blastoise|spd|1\n|-boost|p1a: Blastoise|atk|2\n|-boost|p1a: Blastoise|spa|2\n|-boost|p1a: Blastoise|spe|2\n|-enditem|p1a: Blastoise|White Herb\n|-clearnegativeboost|p1a: Blastoise|[silent]\n|\n|-heal|p2b: Terrakion|90\/100|[from] item: Leftovers\n|upkeep\n|inactive|Battle timer is ON: inactive players will automatically lose when time's up. (requested by Livaras)\n|\n|t:|1711946507\n|switch|p1b: Exeggutor|Exeggutor, M|100\/100\n|turn|2\n|\n|t:|1711946527\n|move|p1a: Blastoise|Ice Beam|p2b: Terrakion\n|-supereffective|p2b: Terrakion\n|-damage|p2b: Terrakion|20\/100\n|move|p2a: Maushold|Population Bomb|p1a: Blastoise\n|-damage|p1a: Blastoise|93\/100\n|-crit|p1a: Blastoise\n|-damage|p1a: Blastoise|83\/100\n|-damage|p1a: Blastoise|76\/100\n|-damage|p1a: Blastoise|69\/100\n|-hitcount|p1a: Blastoise|4\n|move|p2b: Terrakion|Sacred Sword|p1a: Blastoise\n|-damage|p1a: Blastoise|0 fnt\n|faint|p1a: Blastoise\n|move|p1b: Exeggutor|Leech Seed|p2a: Maushold\n|-start|p2a: Maushold|move: Leech Seed\n|\n|-heal|p2b: Terrakion|26\/100|[from] item: Leftovers\n|-damage|p2a: Maushold|88\/100|[from] Leech Seed|[of] p1b: Exeggutor\n|upkeep\n|\n|t:|1711946542\n|switch|p1a: Incineroar|Incineroar, M|100\/100\n|-ability|p1a: Incineroar|Intimidate|boost\n|-unboost|p2a: Maushold|atk|1\n|-unboost|p2b: Terrakion|atk|1\n|turn|3\n|\n|t:|1711946552\n|move|p2b: Terrakion|Protect|p2b: Terrakion\n|-singleturn|p2b: Terrakion|Protect\n|move|p1a: Incineroar|Fake Out|p2b: Terrakion\n|-activate|p2b: Terrakion|move: Protect\n|move|p2a: Maushold|Tidy Up|p2a: Maushold\n|-boost|p2a: Maushold|atk|1\n|-boost|p2a: Maushold|spe|1\n|move|p1b: Exeggutor|Giga Drain|p2a: Maushold\n|-damage|p2a: Maushold|45\/100\n|\n|-heal|p2b: Terrakion|32\/100|[from] item: Leftovers\n|-damage|p2a: Maushold|33\/100|[from] Leech Seed|[of] p1b: Exeggutor\n|upkeep\n|turn|4\n|\n|t:|1711946572\n|move|p2a: Maushold|Population Bomb|p1b: Exeggutor\n|-damage|p1b: Exeggutor|95\/100\n|-damage|p1b: Exeggutor|90\/100\n|-damage|p1b: Exeggutor|85\/100\n|-damage|p1b: Exeggutor|79\/100\n|-damage|p1b: Exeggutor|74\/100\n|-damage|p1b: Exeggutor|69\/100\n|-hitcount|p1b: Exeggutor|6\n|move|p2b: Terrakion|Rock Slide|p1b: Exeggutor|[spread] p1a,p1b\n|-supereffective|p1a: Incineroar\n|-damage|p1a: Incineroar|0 fnt\n|-damage|p1b: Exeggutor|8\/100\n|-enditem|p1b: Exeggutor|Sitrus Berry|[eat]\n|-heal|p1b: Exeggutor|32\/100|[from] item: Sitrus Berry\n|faint|p1a: Incineroar\n|cant|p1b: Exeggutor|flinch\n|\n|-heal|p2b: Terrakion|39\/100|[from] item: Leftovers\n|-damage|p2a: Maushold|20\/100|[from] Leech Seed|[of] p1b: Exeggutor\n|-heal|p1b: Exeggutor|42\/100|[silent]\n|upkeep\n|\n|t:|1711946579\n|switch|p1a: Torkoal|Torkoal, M|100\/100\n|-weather|SunnyDay|[from] ability: Drought|[of] p1a: Torkoal\n|turn|5\n|\n|t:|1711946602\n|move|p1b: Exeggutor|Protect|p1b: Exeggutor\n|-singleturn|p1b: Exeggutor|Protect\n|move|p2a: Maushold|Population Bomb|p1a: Torkoal\n|-damage|p1a: Torkoal|94\/100\n|-damage|p1a: Torkoal|89\/100\n|-damage|p1a: Torkoal|83\/100\n|-damage|p1a: Torkoal|77\/100\n|-damage|p1a: Torkoal|71\/100\n|-damage|p1a: Torkoal|66\/100\n|-damage|p1a: Torkoal|60\/100\n|-damage|p1a: Torkoal|54\/100\n|-hitcount|p1a: Torkoal|8\n|move|p2b: Terrakion|Rock Slide|p1b: Exeggutor|[spread] p1a\n|-activate|p1b: Exeggutor|move: Protect\n|-supereffective|p1a: Torkoal\n|-damage|p1a: Torkoal|0 fnt\n|faint|p1a: Torkoal\n|\n|-weather|SunnyDay|[upkeep]\n|-heal|p2b: Terrakion|45\/100|[from] item: Leftovers\n|-damage|p2a: Maushold|8\/100|[from] Leech Seed|[of] p1b: Exeggutor\n|-heal|p1b: Exeggutor|51\/100|[silent]\n|-item|p1b: Exeggutor|Sitrus Berry|[from] ability: Harvest\n|upkeep\n|\n|t:|1711946610\n|switch|p1a: Kingambit|Kingambit, F|100\/100\n|-activate|p1a: Kingambit|ability: Supreme Overlord\n|-start|p1a: Kingambit|fallen4|[silent]\n|turn|6\n|inactive|Livaras has 120 seconds left.\n|\n|t:|1711946641\n|switch|p2a: Sylveon|Sylveon, M, shiny|100\/100\n|move|p1a: Kingambit|Sucker Punch|p2b: Terrakion\n|-damage|p2b: Terrakion|0 fnt\n|faint|p2b: Terrakion\n|move|p1b: Exeggutor|Giga Drain|p2a: Sylveon\n|-damage|p2a: Sylveon|85\/100\n|-heal|p1b: Exeggutor|59\/100|[from] drain|[of] p2a: Sylveon\n|\n|-weather|SunnyDay|[upkeep]\n|-heal|p2a: Sylveon|91\/100|[from] item: Leftovers\n|upkeep\n|inactive|Livaras has 120 seconds left.\n|\n|t:|1711946654\n|switch|p2b: Incineroar|Incineroar, F, shiny|100\/100\n|-ability|p2b: Incineroar|Intimidate|boost\n|-unboost|p1a: Kingambit|atk|1\n|-unboost|p1b: Exeggutor|atk|1\n|turn|7\n|\n|t:|1711946664\n|-terastallize|p1a: Kingambit|Dark\n|move|p2b: Incineroar|Fake Out|p1a: Kingambit\n|-damage|p1a: Kingambit|90\/100\n|move|p1b: Exeggutor|Leech Seed|p2b: Incineroar|[miss]\n|-miss|p1b: Exeggutor|p2b: Incineroar\n|move|p2a: Sylveon|Calm Mind|p2a: Sylveon\n|-boost|p2a: Sylveon|spa|1\n|-boost|p2a: Sylveon|spd|1\n|cant|p1a: Kingambit|flinch\n|\n|-weather|SunnyDay|[upkeep]\n|-heal|p2a: Sylveon|97\/100|[from] item: Leftovers\n|upkeep\n|turn|8\n|\n|t:|1711946681\n|move|p2b: Incineroar|U-turn|p1a: Kingambit\n|-supereffective|p1a: Kingambit\n|-damage|p1a: Kingambit|55\/100\n|\n|t:|1711946686\n|switch|p2b: Mew|Mew, shiny|100\/100|[from] U-turn\n|move|p1b: Exeggutor|Leech Seed|p2b: Mew\n|-start|p2b: Mew|move: Leech Seed\n|move|p2a: Sylveon|Hyper Voice|p1a: Kingambit|[spread] p1a,p1b\n|-supereffective|p1a: Kingambit\n|-damage|p1a: Kingambit|0 fnt\n|-damage|p1b: Exeggutor|12\/100\n|-enditem|p1b: Exeggutor|Sitrus Berry|[eat]\n|-heal|p1b: Exeggutor|37\/100|[from] item: Sitrus Berry\n|faint|p1a: Kingambit\n|-end|p1a: Kingambit|fallen4|[silent]\n|\n|-weather|SunnyDay|[upkeep]\n|-heal|p2a: Sylveon|100\/100|[from] item: Leftovers\n|-damage|p2b: Mew|88\/100|[from] Leech Seed|[of] p1b: Exeggutor\n|-heal|p1b: Exeggutor|48\/100|[silent]\n|-item|p1b: Exeggutor|Sitrus Berry|[from] ability: Harvest\n|upkeep\n|-enditem|p1b: Exeggutor|Sitrus Berry|[eat]\n|-heal|p1b: Exeggutor|73\/100|[from] item: Sitrus Berry\n|turn|9\n|\n|t:|1711946708\n|move|p2b: Mew|Trick|p1b: Exeggutor\n|-activate|p2b: Mew|move: Trick|[of] p1b: Exeggutor\n|-item|p1b: Exeggutor|Choice Scarf|[from] move: Trick\n|-enditem|p2b: Mew|Choice Scarf|[silent]|[from] move: Trick\n|move|p1b: Exeggutor|Calm Mind|p1b: Exeggutor\n|-boost|p1b: Exeggutor|spa|1\n|-boost|p1b: Exeggutor|spd|1\n|move|p2a: Sylveon|Calm Mind|p2a: Sylveon\n|-boost|p2a: Sylveon|spa|1\n|-boost|p2a: Sylveon|spd|1\n|\n|-weather|none\n|-damage|p2b: Mew|76\/100|[from] Leech Seed|[of] p1b: Exeggutor\n|-heal|p1b: Exeggutor|83\/100|[silent]\n|upkeep\n|turn|10\n|\n|t:|1711946724\n|move|p2b: Mew|Psychic|p1b: Exeggutor\n|-resisted|p1b: Exeggutor\n|-damage|p1b: Exeggutor|70\/100\n|move|p1b: Exeggutor|Calm Mind|p1b: Exeggutor\n|-boost|p1b: Exeggutor|spa|1\n|-boost|p1b: Exeggutor|spd|1\n|move|p2a: Sylveon|Hyper Voice|p1b: Exeggutor\n|-damage|p1b: Exeggutor|25\/100\n|\n|-damage|p2b: Mew|64\/100|[from] Leech Seed|[of] p1b: Exeggutor\n|-heal|p1b: Exeggutor|35\/100|[silent]\n|upkeep\n|turn|11\n|\n|t:|1711946738\n|switch|p2b: Incineroar|Incineroar, F, shiny|100\/100\n|-ability|p2b: Incineroar|Intimidate|boost\n|-unboost|p1b: Exeggutor|atk|1\n|move|p1b: Exeggutor|Calm Mind|p1b: Exeggutor\n|-boost|p1b: Exeggutor|spa|1\n|-boost|p1b: Exeggutor|spd|1\n|move|p2a: Sylveon|Hyper Voice|p1b: Exeggutor\n|-damage|p1b: Exeggutor|0 fnt\n|faint|p1b: Exeggutor\n|\n|win|Livaras\n|raw|Hnayyar's rating: 1252 &rarr; <strong>1233<\/strong><br \/>(-19 for losing)\n|raw|Livaras's rating: 1334 &rarr; <strong>1349<\/strong><br \/>(+15 for winning)\n|l|\u2606Livaras\n|player|p2|\n|l|\u2606Hnayyar\n|player|p1|\n","uploadtime":1711947040,"views":0,"formatid":"gen9doublesou","rating":1233,"private":0,"password":null}