|j|☆JalenHurtsMVP
|j|‽La.Hellhound
|t:|1711936501
|gametype|singles
|player|p1|JalenHurtsMVP|infielder|1547
|player|p2|La.Hellhound|bruno|1784
|teamsize|p1|6
|teamsize|p2|6
|gen|6
|tier|[Gen 6] Random Battle
|rated|
|rule|Sleep Clause Mod: Limit one foe put to sleep
|rule|HP Percentage Mod: HP is shown in percentages
|rule|Illusion Level Mod: Illusion disguises the Pokémon's true level
|
|t:|1711936501
|start
|switch|p1a: Metagross|Metagross, L79|256/256
|switch|p2a: Umbreon|Umbreon, L83, F|293/293
|turn|1
|inactive|Battle timer is ON: inactive players will automatically lose when time's up. (requested by La.Hellhound)
|inactive|JalenHurtsMVP also wants the timer to be on.
|inactive|La.Hellhound has 120 seconds left.
|inactive|La.Hellhound has 90 seconds left.
|
|t:|1711936588
|switch|p1a: Azumarill|Azumarill, L80, F|290/290
|move|p2a: Umbreon|Foul Play|p1a: Azumarill
|-resisted|p1a: Azumarill
|-damage|p1a: Azumarill|256/290
|
|upkeep
|turn|2
|
|t:|1711936598
|move|p2a: Umbreon|Toxic|p1a: Azumarill
|-status|p1a: Azumarill|tox
|move|p1a: Azumarill|Belly Drum|p1a: Azumarill
|-damage|p1a: Azumarill|111/290 tox
|-setboost|p1a: Azumarill|atk|6|[from] move: Belly Drum
|-enditem|p1a: Azumarill|Sitrus Berry|[eat]
|-heal|p1a: Azumarill|183/290 tox|[from] item: Sitrus Berry
|
|-damage|p1a: Azumarill|165/290 tox|[from] psn
|upkeep
|turn|3
|
|t:|1711936610
|move|p2a: Umbreon|Protect|p2a: Umbreon
|-singleturn|p2a: Umbreon|Protect
|move|p1a: Azumarill|Waterfall|p2a: Umbreon
|-activate|p2a: Umbreon|move: Protect
|
|-damage|p1a: Azumarill|129/290 tox|[from] psn
|upkeep
|turn|4
|
|t:|1711936621
|switch|p2a: Cresselia|Cresselia, L80, F|323/323
|move|p1a: Azumarill|Play Rough|p2a: Cresselia
|-crit|p2a: Cresselia
|-damage|p2a: Cresselia|0 fnt
|faint|p2a: Cresselia
|
|-damage|p1a: Azumarill|75/290 tox|[from] psn
|upkeep
|inactive|La.Hellhound has 120 seconds left.
|
|t:|1711936637
|switch|p2a: Arcanine|Arcanine, L82, M|282/282
|-ability|p2a: Arcanine|Intimidate|boost
|-unboost|p1a: Azumarill|atk|1
|turn|5
|
|t:|1711936654
|switch|p1a: Slowking|Slowking, L85, M|300/300
|move|p2a: Arcanine|Extreme Speed|p1a: Slowking
|-damage|p1a: Slowking|213/300
|-damage|p2a: Arcanine|254/282|[from] item: Life Orb
|
|upkeep
|turn|6
|inactive|La.Hellhound has 120 seconds left.
|
|t:|1711936674
|switch|p2a: Cryogonal|Cryogonal, L89|269/269
|switch|p1a: Azumarill|Azumarill, L80, F|75/290 tox
|
|-damage|p1a: Azumarill|57/290 tox|[from] psn
|upkeep
|turn|7
|
|t:|1711936683
|move|p1a: Azumarill|Aqua Jet|p2a: Cryogonal
|-damage|p2a: Cryogonal|176/269
|move|p2a: Cryogonal|Freeze-Dry|p1a: Azumarill
|-supereffective|p1a: Azumarill
|-damage|p1a: Azumarill|0 fnt
|faint|p1a: Azumarill
|
|-heal|p2a: Cryogonal|192/269|[from] item: Leftovers
|upkeep
|
|t:|1711936689
|switch|p1a: Metagross|Metagross, L79|256/256
|turn|8
|
|t:|1711936704
|switch|p2a: Umbreon|Umbreon, L83, F|293/293
|move|p1a: Metagross|Agility|p1a: Metagross
|-boost|p1a: Metagross|spe|2
|
|upkeep
|turn|9
|inactive|JalenHurtsMVP has 120 seconds left.
|
|t:|1711936735
|move|p1a: Metagross|Meteor Mash|p2a: Umbreon
|-damage|p2a: Umbreon|206/293
|move|p2a: Umbreon|Wish|p2a: Umbreon
|
|-heal|p2a: Umbreon|224/293|[from] item: Leftovers
|upkeep
|turn|10
|inactive|La.Hellhound has 120 seconds left.
|
|t:|1711936789
|move|p1a: Metagross|Meteor Mash|p2a: Umbreon|[miss]
|-miss|p1a: Metagross|p2a: Umbreon
|move|p2a: Umbreon|Foul Play|p1a: Metagross
|-supereffective|p1a: Metagross
|-damage|p1a: Metagross|74/256
|-enditem|p1a: Metagross|Weakness Policy
|-boost|p1a: Metagross|atk|2|[from] item: Weakness Policy
|-boost|p1a: Metagross|spa|2|[from] item: Weakness Policy
|
|-heal|p2a: Umbreon|293/293|[from] move: Wish|[wisher] Umbreon
|upkeep
|turn|11
|
|t:|1711936799
|switch|p1a: Houndoom|Houndoom, L80, F|251/251
|move|p2a: Umbreon|Foul Play|p1a: Houndoom
|-resisted|p1a: Houndoom
|-damage|p1a: Houndoom|194/251
|
|upkeep
|turn|12
|
|t:|1711936811
|detailschange|p1a: Houndoom|Houndoom-Mega, L80, F
|-mega|p1a: Houndoom|Houndoom|Houndoominite
|move|p1a: Houndoom|Taunt|p2a: Umbreon
|-start|p2a: Umbreon|move: Taunt
|cant|p2a: Umbreon|move: Taunt|Toxic
|
|upkeep
|turn|13
|inactive|La.Hellhound has 90 seconds left.
|
|t:|1711936840
|move|p1a: Houndoom|Nasty Plot|p1a: Houndoom
|-boost|p1a: Houndoom|spa|2
|move|p2a: Umbreon|Foul Play|p1a: Houndoom
|-resisted|p1a: Houndoom
|-damage|p1a: Houndoom|157/251
|
|upkeep
|turn|14
|inactive|La.Hellhound has 90 seconds left.
|
|t:|1711936851
|move|p1a: Houndoom|Fire Blast|p2a: Umbreon|[miss]
|-miss|p1a: Houndoom|p2a: Umbreon
|move|p2a: Umbreon|Foul Play|p1a: Houndoom
|-resisted|p1a: Houndoom
|-damage|p1a: Houndoom|121/251
|
|-end|p2a: Umbreon|move: Taunt
|upkeep
|turn|15
|inactive|La.Hellhound has 90 seconds left.
|
|t:|1711936862
|switch|p2a: Arcanine|Arcanine, L82, M|254/282
|-ability|p2a: Arcanine|Intimidate|boost
|-unboost|p1a: Houndoom|atk|1
|move|p1a: Houndoom|Taunt|p2a: Arcanine
|-start|p2a: Arcanine|move: Taunt
|
|upkeep
|turn|16
|
|t:|1711936871
|move|p2a: Arcanine|Extreme Speed|p1a: Houndoom
|-damage|p1a: Houndoom|46/251
|-damage|p2a: Arcanine|226/282|[from] item: Life Orb
|move|p1a: Houndoom|Dark Pulse|p2a: Arcanine
|-damage|p2a: Arcanine|0 fnt
|faint|p2a: Arcanine
|
|upkeep
|
|t:|1711936879
|switch|p2a: Cryogonal|Cryogonal, L89|192/269
|turn|17
|
|t:|1711936904
|switch|p1a: Metagross|Metagross, L79|74/256
|move|p2a: Cryogonal|Hidden Power|p1a: Metagross
|-supereffective|p1a: Metagross
|-damage|p1a: Metagross|0 fnt
|faint|p1a: Metagross
|
|-heal|p2a: Cryogonal|208/269|[from] item: Leftovers
|upkeep
|
|t:|1711936908
|switch|p1a: Cinccino|Cinccino, L83, F|260/260
|turn|18
|inactive|La.Hellhound has 90 seconds left.
|inactive|La.Hellhound has 60 seconds left.
|
|t:|1711936987
|move|p1a: Cinccino|Bullet Seed|p2a: Cryogonal
|-damage|p2a: Cryogonal|162/269
|-damage|p2a: Cryogonal|110/269
|-damage|p2a: Cryogonal|62/269
|-damage|p2a: Cryogonal|11/269
|-damage|p2a: Cryogonal|0 fnt
|faint|p2a: Cryogonal
|-hitcount|p2: Cryogonal|5
|
|upkeep
|
|t:|1711937002
|switch|p2a: Umbreon|Umbreon, L83, F|293/293
|turn|19
|
|t:|1711937026
|switch|p1a: Nidoking|Nidoking, L81, M|264/264
|move|p2a: Umbreon|Toxic|p1a: Nidoking
|-immune|p1a: Nidoking
|
|upkeep
|turn|20
|
|t:|1711937032
|move|p1a: Nidoking|Sludge Wave|p2a: Umbreon
|-damage|p2a: Umbreon|184/293
|move|p2a: Umbreon|Wish|p2a: Umbreon
|
|-heal|p2a: Umbreon|202/293|[from] item: Leftovers
|upkeep
|turn|21
|
|t:|1711937045
|move|p1a: Nidoking|Sludge Wave|p2a: Umbreon
|-damage|p2a: Umbreon|95/293
|move|p2a: Umbreon|Foul Play|p1a: Nidoking
|-damage|p1a: Nidoking|167/264
|
|-heal|p2a: Umbreon|241/293|[from] move: Wish|[wisher] Umbreon
|-heal|p2a: Umbreon|259/293|[from] item: Leftovers
|upkeep
|turn|22
|
|t:|1711937055
|switch|p1a: Houndoom|Houndoom-Mega, L80, F|46/251
|move|p2a: Umbreon|Wish|p2a: Umbreon
|
|-heal|p2a: Umbreon|277/293|[from] item: Leftovers
|upkeep
|turn|23
|inactive|La.Hellhound has 60 seconds left.
|
|t:|1711937064
|move|p1a: Houndoom|Fire Blast|p2a: Umbreon
|-damage|p2a: Umbreon|172/293
|move|p2a: Umbreon|Foul Play|p1a: Houndoom
|-resisted|p1a: Houndoom
|-damage|p1a: Houndoom|11/251
|
|-heal|p2a: Umbreon|293/293|[from] move: Wish|[wisher] Umbreon
|upkeep
|turn|24
|
|t:|1711937075
|move|p1a: Houndoom|Taunt|p2a: Umbreon
|-start|p2a: Umbreon|move: Taunt
|move|p2a: Umbreon|Foul Play|p1a: Houndoom
|-resisted|p1a: Houndoom
|-damage|p1a: Houndoom|0 fnt
|faint|p1a: Houndoom
|
|upkeep
|
|t:|1711937079
|switch|p1a: Cinccino|Cinccino, L83, F|260/260
|turn|25
|
|t:|1711937085
|switch|p2a: Arceus|Arceus-Rock, L71|288/288
|move|p1a: Cinccino|Tail Slap|p2a: Arceus
|-resisted|p2a: Arceus
|-damage|p2a: Arceus|269/288
|-resisted|p2a: Arceus
|-damage|p2a: Arceus|251/288
|-resisted|p2a: Arceus
|-damage|p2a: Arceus|233/288
|-resisted|p2a: Arceus
|-damage|p2a: Arceus|213/288
|-resisted|p2a: Arceus
|-damage|p2a: Arceus|195/288
|-hitcount|p2a: Arceus|5
|
|upkeep
|turn|26
|
|t:|1711937105
|switch|p1a: Slowking|Slowking, L85, M|300/300
|move|p2a: Arceus|Judgment|p1a: Slowking
|-damage|p1a: Slowking|234/300
|
|upkeep
|turn|27
|
|t:|1711937112
|switch|p2a: Umbreon|Umbreon, L83, F|293/293
|move|p1a: Slowking|Scald|p2a: Umbreon
|-damage|p2a: Umbreon|230/293
|
|-heal|p2a: Umbreon|248/293|[from] item: Leftovers
|upkeep
|turn|28
|
|t:|1711937122
|switch|p1a: Nidoking|Nidoking, L81, M|167/264
|move|p2a: Umbreon|Toxic|p1a: Nidoking
|-immune|p1a: Nidoking
|
|-heal|p2a: Umbreon|266/293|[from] item: Leftovers
|upkeep
|turn|29
|
|t:|1711937129
|move|p2a: Umbreon|Protect|p2a: Umbreon
|-singleturn|p2a: Umbreon|Protect
|move|p1a: Nidoking|Sludge Wave|p2a: Umbreon
|-activate|p2a: Umbreon|move: Protect
|
|-heal|p2a: Umbreon|284/293|[from] item: Leftovers
|upkeep
|turn|30
|inactive|La.Hellhound has 90 seconds left.
|
|t:|1711937136
|move|p1a: Nidoking|Earth Power|p2a: Umbreon
|-damage|p2a: Umbreon|181/293
|move|p2a: Umbreon|Wish|p2a: Umbreon
|
|-heal|p2a: Umbreon|199/293|[from] item: Leftovers
|upkeep
|turn|31
|
|t:|1711937142
|switch|p1a: Slowking|Slowking, L85, M|300/300
|move|p2a: Umbreon|Protect||[still]
|-fail|p2a: Umbreon
|
|-heal|p2a: Umbreon|293/293|[from] move: Wish|[wisher] Umbreon
|upkeep
|turn|32
|
|t:|1711937156
|move|p2a: Umbreon|Toxic|p1a: Slowking
|-status|p1a: Slowking|tox
|move|p1a: Slowking|Scald|p2a: Umbreon
|-damage|p2a: Umbreon|221/293
|
|-heal|p2a: Umbreon|239/293|[from] item: Leftovers
|-damage|p1a: Slowking|282/300 tox|[from] psn
|upkeep
|turn|33
|
|t:|1711937164
|switch|p1a: Cinccino|Cinccino, L83, F|260/260
|move|p2a: Umbreon|Protect||[still]
|-fail|p2a: Umbreon
|
|-heal|p2a: Umbreon|257/293|[from] item: Leftovers
|upkeep
|turn|34
|
|t:|1711937175
|move|p2a: Umbreon|Protect|p2a: Umbreon
|-singleturn|p2a: Umbreon|Protect
|move|p1a: Cinccino|Bullet Seed|p2a: Umbreon
|-activate|p2a: Umbreon|move: Protect
|
|-heal|p2a: Umbreon|275/293|[from] item: Leftovers
|upkeep
|turn|35
|
|t:|1711937184
|switch|p1a: Nidoking|Nidoking, L81, M|167/264
|move|p2a: Umbreon|Wish|p2a: Umbreon
|
|-heal|p2a: Umbreon|293/293|[from] item: Leftovers
|upkeep
|turn|36
|inactive|La.Hellhound has 120 seconds left.
|
|t:|1711937190
|move|p1a: Nidoking|Sludge Wave|p2a: Umbreon
|-damage|p2a: Umbreon|194/293
|move|p2a: Umbreon|Foul Play|p1a: Nidoking
|-damage|p1a: Nidoking|73/264
|
|-heal|p2a: Umbreon|293/293|[from] move: Wish|[wisher] Umbreon
|upkeep
|turn|37
|
|t:|1711937197
|move|p1a: Nidoking|Sludge Wave|p2a: Umbreon
|-damage|p2a: Umbreon|194/293
|move|p2a: Umbreon|Foul Play|p1a: Nidoking
|-damage|p1a: Nidoking|0 fnt
|faint|p1a: Nidoking
|
|-heal|p2a: Umbreon|212/293|[from] item: Leftovers
|upkeep
|
|t:|1711937202
|switch|p1a: Slowking|Slowking, L85, M|300/300 tox
|turn|38
|-message|JalenHurtsMVP forfeited.
|
|win|La.Hellhound
|raw|JalenHurtsMVP's rating: 1547 &rarr; <strong>1539</strong><br />(-8 for losing)
|raw|La.Hellhound's rating: 1784 &rarr; <strong>1792</strong><br />(+8 for winning)
|l|☆JalenHurtsMVP
|player|p1|
