{"id":"gen5ou-2093337286","format":"[Gen 5] OU","players":["Jesushwbush","Skullmonkey"],"log":"|j|\u2606Jesushwbush\n|j|\u2606Skullmonkey\n|t:|1711941104\n|gametype|singles\n|player|p1|Jesushwbush|2|1337\n|player|p2|Skullmonkey|li|1147\n|teamsize|p1|6\n|teamsize|p2|6\n|gen|5\n|tier|[Gen 5] OU\n|rated|\n|rule|Species Clause: Limit one of each Pok\u00e9mon\n|rule|OHKO Clause: OHKO moves are banned\n|rule|Moody Clause: Moody is banned\n|rule|Evasion Items Clause: Evasion items are banned\n|rule|Evasion Moves Clause: Evasion moves are banned\n|rule|Endless Battle Clause: Forcing endless battles is banned\n|rule|HP Percentage Mod: HP is shown in percentages\n|rule|Evasion Abilities Clause: Evasion abilities are banned\n|rule|Sleep Moves Clause: Sleep-inducing moves are banned\n|rule|Swagger Clause: Swagger is banned\n|rule|Baton Pass Stat Clause: No Baton Passer may have a way to boost its stats\n|clearpoke\n|poke|p1|Liepard, F|item\n|poke|p1|Ambipom, M|item\n|poke|p1|Yanmega, F|item\n|poke|p1|Gliscor, F|item\n|poke|p1|Rampardos, F|item\n|poke|p1|Ninetales, F|item\n|poke|p2|Starmie|item\n|poke|p2|Ferrothorn, F|item\n|poke|p2|Scizor, M|item\n|poke|p2|Rotom-Wash|item\n|poke|p2|Politoed, F|item\n|poke|p2|Latios, M|item\n|teampreview\n|\n|t:|1711941129\n|start\n|switch|p1a: Ambipom|Ambipom, M|100\/100\n|switch|p2a: Rotom|Rotom-Wash|100\/100\n|turn|1\n|\n|t:|1711941136\n|switch|p2a: Ferrothorn|Ferrothorn, F|100\/100\n|move|p1a: Ambipom|Fake Out|p2a: Ferrothorn\n|-resisted|p2a: Ferrothorn\n|-damage|p2a: Ferrothorn|89\/100\n|-damage|p1a: Ambipom|88\/100|[from] ability: Iron Barbs|[of] p2a: Ferrothorn\n|-damage|p1a: Ambipom|78\/100|[from] item: Life Orb\n|\n|-heal|p2a: Ferrothorn|96\/100|[from] item: Leftovers\n|upkeep\n|turn|2\n|\n|t:|1711941145\n|switch|p1a: Liepard|Liepard, F|100\/100\n|move|p2a: Ferrothorn|Stealth Rock|p1a: Liepard\n|-sidestart|p1: Jesushwbush|move: Stealth Rock\n|\n|-damage|p1a: Liepard|88\/100|[from] item: Black Sludge\n|-heal|p2a: Ferrothorn|100\/100|[from] item: Leftovers\n|upkeep\n|turn|3\n|\n|t:|1711941155\n|move|p1a: Liepard|Trick|p2a: Ferrothorn\n|-activate|p1a: Liepard|move: Trick|[of] p2a: Ferrothorn\n|-item|p2a: Ferrothorn|Black Sludge|[from] move: Trick\n|-item|p1a: Liepard|Leftovers|[from] move: Trick\n|move|p2a: Ferrothorn|Thunder Wave|p1a: Liepard\n|-status|p1a: Liepard|par\n|\n|-damage|p2a: Ferrothorn|88\/100|[from] item: Black Sludge\n|-heal|p1a: Liepard|94\/100 par|[from] item: Leftovers\n|upkeep\n|turn|4\n|\n|t:|1711941163\n|cant|p1a: Liepard|par\n|move|p2a: Ferrothorn|Leech Seed|p1a: Liepard\n|-start|p1a: Liepard|move: Leech Seed\n|\n|-damage|p2a: Ferrothorn|75\/100|[from] item: Black Sludge\n|-heal|p1a: Liepard|99\/100 par|[from] item: Leftovers\n|-damage|p1a: Liepard|88\/100 par|[from] Leech Seed|[of] p2a: Ferrothorn\n|-heal|p2a: Ferrothorn|87\/100|[silent]\n|upkeep\n|turn|5\n|inactive|Battle timer is ON: inactive players will automatically lose when time's up. (requested by Skullmonkey)\n|\n|t:|1711941182\n|switch|p2a: Politoed|Politoed, F|100\/100\n|-weather|RainDance|[from] ability: Drizzle|[of] p2a: Politoed\n|switch|p1a: Ninetales|Ninetales, F|100\/100\n|-damage|p1a: Ninetales|76\/100|[from] Stealth Rock\n|-weather|SunnyDay|[from] ability: Drought|[of] p1a: Ninetales\n|\n|-weather|SunnyDay|[upkeep]\n|upkeep\n|turn|6\n|\n|t:|1711941193\n|switch|p2a: Latios|Latios, M|100\/100\n|move|p1a: Ninetales|Solar Beam||[still]\n|-prepare|p1a: Ninetales|Solar Beam\n|-anim|p1a: Ninetales|Solar Beam|p2a: Latios\n|-resisted|p2a: Latios\n|-damage|p2a: Latios|86\/100\n|\n|-weather|SunnyDay|[upkeep]\n|upkeep\n|turn|7\n|\n|t:|1711941202\n|switch|p2a: Politoed|Politoed, F|100\/100\n|-weather|RainDance|[from] ability: Drizzle|[of] p2a: Politoed\n|move|p1a: Ninetales|Dark Pulse|p2a: Politoed\n|-damage|p2a: Politoed|82\/100\n|\n|-weather|RainDance|[upkeep]\n|upkeep\n|turn|8\n|-message|Jesushwbush forfeited.\n|\n|win|Skullmonkey\n|raw|Jesushwbush's rating: 1337 &rarr; <strong>1307<\/strong><br \/>(-30 for losing)\n|raw|Skullmonkey's rating: 1147 &rarr; <strong>1184<\/strong><br \/>(+37 for winning)\n|l|\u2606Jesushwbush\n|player|p1|\n","uploadtime":1711941222,"views":0,"formatid":"gen5ou","rating":1184,"private":0,"password":null}