|j|☆CromaZM
|j|☆n1c0_2704
|t:|1711942767
|gametype|singles
|player|p1|CromaZM|101|
|player|p2|n1c0_2704|265|
|teamsize|p1|6
|teamsize|p2|6
|gen|5
|tier|[Gen 5] OU
|rule|Species Clause: Limit one of each Pokémon
|rule|OHKO Clause: OHKO moves are banned
|rule|Moody Clause: Moody is banned
|rule|Evasion Items Clause: Evasion items are banned
|rule|Evasion Moves Clause: Evasion moves are banned
|rule|Endless Battle Clause: Forcing endless battles is banned
|rule|HP Percentage Mod: HP is shown in percentages
|rule|Evasion Abilities Clause: Evasion abilities are banned
|rule|Sleep Moves Clause: Sleep-inducing moves are banned
|rule|Swagger Clause: Swagger is banned
|rule|Baton Pass Stat Clause: No Baton Passer may have a way to boost its stats
|clearpoke
|poke|p1|Tentacruel, M|item
|poke|p1|Raichu, M|item
|poke|p1|Jirachi|item
|poke|p1|Zangoose, F|item
|poke|p1|Typhlosion, M|item
|poke|p1|Wobbuffet, F|item
|poke|p2|Yanmega, M|item
|poke|p2|Snorlax, M|item
|poke|p2|Azumarill, M|item
|poke|p2|Gliscor, M|item
|poke|p2|Magnezone|item
|poke|p2|Tentacruel, M|item
|teampreview
|j| Drakunium429
|
|t:|1711942786
|start
|switch|p1a: Digimon|Jirachi|100/100
|switch|p2a: Magnezone|Magnezone|100/100
|-item|p2a: Magnezone|Air Balloon
|turn|1
|
|t:|1711942816
|move|p1a: Digimon|Ice Punch|p2a: Magnezone
|-resisted|p2a: Magnezone
|-damage|p2a: Magnezone|91/100
|-enditem|p2a: Magnezone|Air Balloon
|move|p2a: Magnezone|Thunderbolt|p1a: Digimon
|-damage|p1a: Digimon|43/100
|
|upkeep
|turn|2
|
|t:|1711942830
|move|p1a: Digimon|Ice Punch|p2a: Magnezone
|-resisted|p2a: Magnezone
|-damage|p2a: Magnezone|82/100
|move|p2a: Magnezone|Thunderbolt|p1a: Digimon
|-damage|p1a: Digimon|0 fnt
|faint|p1a: Digimon
|
|upkeep
|
|t:|1711942853
|switch|p1a: Eskuero|Wobbuffet, F|100/100
|turn|3
|
|t:|1711942870
|switch|p2a: Gliscor|Gliscor, M|100/100
|move|p1a: Eskuero|Mirror Coat||[still]
|-fail|p1a: Eskuero
|
|-status|p2a: Gliscor|tox|[from] item: Toxic Orb
|upkeep
|turn|4
|
|t:|1711942884
|move|p2a: Gliscor|Toxic|p1a: Eskuero
|-status|p1a: Eskuero|tox
|move|p1a: Eskuero|Encore|p2a: Gliscor
|-start|p2a: Gliscor|Encore
|
|-damage|p1a: Eskuero|94/100 tox|[from] psn
|upkeep
|turn|5
|
|t:|1711942910
|switch|p2a: Yanmega|Yanmega, M|100/100
|switch|p1a: Aguja Dinámica|Zangoose, F|100/100
|
|-status|p1a: Aguja Dinámica|tox|[from] item: Toxic Orb
|upkeep
|turn|6
|
|t:|1711942925
|move|p2a: Yanmega|Bug Buzz|p1a: Aguja Dinámica
|-damage|p1a: Aguja Dinámica|0 fnt
|faint|p1a: Aguja Dinámica
|-damage|p2a: Yanmega|91/100|[from] item: Life Orb
|
|-ability|p2a: Yanmega|Speed Boost|boost
|-boost|p2a: Yanmega|spe|1
|upkeep
|
|t:|1711942932
|switch|p1a: Llamarada Moe|Typhlosion, M, shiny|100/100
|turn|7
|
|t:|1711942944
|move|p1a: Llamarada Moe|Eruption|p2a: Yanmega
|-supereffective|p2a: Yanmega
|-damage|p2a: Yanmega|0 fnt
|faint|p2a: Yanmega
|
|upkeep
|
|t:|1711942957
|switch|p2a: Tentacruel|Tentacruel, M|100/100
|turn|8
|
|t:|1711942967
|switch|p1a: Pulpo|Tentacruel, M, shiny|100/100
|move|p2a: Tentacruel|Scald|p1a: Pulpo
|-resisted|p1a: Pulpo
|-damage|p1a: Pulpo|92/100
|
|-heal|p1a: Pulpo|98/100|[from] item: Black Sludge
|upkeep
|turn|9
|
|t:|1711942986
|switch|p2a: Magnezone|Magnezone|82/100
|move|p1a: Pulpo|Toxic Spikes|p2a: Magnezone
|-sidestart|p2: n1c0_2704|move: Toxic Spikes
|
|-heal|p1a: Pulpo|100/100|[from] item: Black Sludge
|upkeep
|turn|10
|
|t:|1711942996
|switch|p1a: Eskuero|Wobbuffet, F|94/100 tox
|move|p2a: Magnezone|Thunderbolt|p1a: Eskuero
|-damage|p1a: Eskuero|54/100 tox
|
|-damage|p1a: Eskuero|48/100 tox|[from] psn
|upkeep
|-enditem|p1a: Eskuero|Sitrus Berry|[eat]
|-heal|p1a: Eskuero|73/100 tox|[from] item: Sitrus Berry
|turn|11
|
|t:|1711943008
|move|p2a: Magnezone|Thunderbolt|p1a: Eskuero
|-damage|p1a: Eskuero|33/100 tox
|move|p1a: Eskuero|Mirror Coat|p2a: Magnezone
|-damage|p2a: Magnezone|0 fnt
|faint|p2a: Magnezone
|
|-damage|p1a: Eskuero|20/100 tox|[from] psn
|upkeep
|j| Xelax97
|
|t:|1711943020
|switch|p2a: Gliscor|Gliscor, M|100/100 tox
|turn|12
|
|t:|1711943031
|move|p2a: Gliscor|Toxic|p1a: Eskuero
|-fail|p1a: Eskuero|tox
|move|p1a: Eskuero|Destiny Bond|p1a: Eskuero
|-singlemove|p1a: Eskuero|Destiny Bond
|
|-damage|p1a: Eskuero|2/100 tox|[from] psn
|upkeep
|turn|13
|
|t:|1711943042
|move|p2a: Gliscor|Toxic|p1a: Eskuero
|-fail|p1a: Eskuero|tox
|move|p1a: Eskuero|Encore|p2a: Gliscor
|-start|p2a: Gliscor|Encore
|
|-damage|p1a: Eskuero|0 fnt|[from] psn
|faint|p1a: Eskuero
|upkeep
|
|t:|1711943054
|switch|p1a: Pulpo|Tentacruel, M, shiny|100/100
|turn|14
|
|t:|1711943070
|switch|p2a: Snorlax|Snorlax, M|100/100
|move|p1a: Pulpo|Toxic Spikes|p2a: Snorlax
|-sidestart|p2: n1c0_2704|move: Toxic Spikes
|
|upkeep
|turn|15
|
|t:|1711943083
|switch|p2a: Gliscor|Gliscor, M|100/100 tox
|move|p1a: Pulpo|Surf|p2a: Gliscor
|-supereffective|p2a: Gliscor
|-damage|p2a: Gliscor|34/100 tox
|
|-heal|p2a: Gliscor|46/100 tox|[from] ability: Poison Heal
|upkeep
|turn|16
|
|t:|1711943105
|move|p2a: Gliscor|Roost|p2a: Gliscor
|-heal|p2a: Gliscor|96/100 tox
|-singleturn|p2a: Gliscor|move: Roost
|move|p1a: Pulpo|Rest|p1a: Pulpo
|-fail|p1a: Pulpo|heal
|
|-heal|p2a: Gliscor|100/100 tox|[from] ability: Poison Heal
|upkeep
|turn|17
|
|t:|1711943115
|move|p2a: Gliscor|Earthquake|p1a: Pulpo
|-supereffective|p1a: Pulpo
|-damage|p1a: Pulpo|21/100
|move|p1a: Pulpo|Surf|p2a: Gliscor
|-supereffective|p2a: Gliscor
|-damage|p2a: Gliscor|29/100 tox
|
|-heal|p1a: Pulpo|27/100|[from] item: Black Sludge
|-heal|p2a: Gliscor|41/100 tox|[from] ability: Poison Heal
|upkeep
|turn|18
|
|t:|1711943126
|move|p2a: Gliscor|Roost|p2a: Gliscor
|-heal|p2a: Gliscor|91/100 tox
|-singleturn|p2a: Gliscor|move: Roost
|move|p1a: Pulpo|Rest|p1a: Pulpo
|-status|p1a: Pulpo|slp|[from] move: Rest
|-heal|p1a: Pulpo|100/100 slp|[silent]
|
|-heal|p2a: Gliscor|100/100 tox|[from] ability: Poison Heal
|upkeep
|turn|19
|
|t:|1711943137
|move|p2a: Gliscor|Earthquake|p1a: Pulpo
|-supereffective|p1a: Pulpo
|-damage|p1a: Pulpo|15/100 slp
|cant|p1a: Pulpo|slp
|move|p1a: Pulpo|Sleep Talk|p1a: Pulpo
|move|p1a: Pulpo|Toxic Spikes||[from]move: Sleep Talk|[still]
|-fail|p1a: Pulpo
|
|-heal|p1a: Pulpo|21/100 slp|[from] item: Black Sludge
|upkeep
|turn|20
|
|t:|1711943149
|move|p2a: Gliscor|Earthquake|p1a: Pulpo
|-supereffective|p1a: Pulpo
|-damage|p1a: Pulpo|0 fnt
|faint|p1a: Pulpo
|
|upkeep
|
|t:|1711943155
|switch|p1a: PikachuSaiyan|Raichu, M|100/100
|turn|21
|
|t:|1711943164
|move|p1a: PikachuSaiyan|Thunderbolt|p2a: Gliscor
|-immune|p2a: Gliscor
|move|p2a: Gliscor|Earthquake|p1a: PikachuSaiyan
|-supereffective|p1a: PikachuSaiyan
|-damage|p1a: PikachuSaiyan|0 fnt
|faint|p1a: PikachuSaiyan
|
|upkeep
|
|t:|1711943173
|switch|p1a: Llamarada Moe|Typhlosion, M, shiny|100/100
|turn|22
|
|t:|1711943180
|move|p1a: Llamarada Moe|Eruption|p2a: Gliscor
|-damage|p2a: Gliscor|15/100 tox
|move|p2a: Gliscor|Earthquake|p1a: Llamarada Moe
|-supereffective|p1a: Llamarada Moe
|-damage|p1a: Llamarada Moe|15/100
|
|-heal|p2a: Gliscor|27/100 tox|[from] ability: Poison Heal
|upkeep
|turn|23
|
|t:|1711943194
|switch|p2a: Tentacruel|Tentacruel, M|100/100
|-sideend|p2: n1c0_2704|move: Toxic Spikes|[of] p2a: Tentacruel
|move|p1a: Llamarada Moe|Eruption|p2a: Tentacruel
|-resisted|p2a: Tentacruel
|-damage|p2a: Tentacruel|93/100
|
|-heal|p2a: Tentacruel|99/100|[from] item: Black Sludge
|upkeep
|turn|24
|
|t:|1711943205
|move|p1a: Llamarada Moe|Eruption|p2a: Tentacruel
|-resisted|p2a: Tentacruel
|-damage|p2a: Tentacruel|91/100
|move|p2a: Tentacruel|Scald|p1a: Llamarada Moe
|-supereffective|p1a: Llamarada Moe
|-damage|p1a: Llamarada Moe|0 fnt
|faint|p1a: Llamarada Moe
|
|win|n1c0_2704
|l|☆CromaZM
|player|p1|
