{"id":"gen5ou-2093260610","format":"[Gen 5] OU","players":["wabrit","Blossummm"],"log":"|j|\u2606wabrit\n|j|\u2606Blossummm\n|t:|1711931541\n|gametype|singles\n|player|p1|wabrit|102|1234\n|player|p2|Blossummm|roxie|1281\n|teamsize|p1|6\n|teamsize|p2|6\n|gen|5\n|tier|[Gen 5] OU\n|rated|\n|rule|Species Clause: Limit one of each Pok\u00e9mon\n|rule|OHKO Clause: OHKO moves are banned\n|rule|Moody Clause: Moody is banned\n|rule|Evasion Items Clause: Evasion items are banned\n|rule|Evasion Moves Clause: Evasion moves are banned\n|rule|Endless Battle Clause: Forcing endless battles is banned\n|rule|HP Percentage Mod: HP is shown in percentages\n|rule|Evasion Abilities Clause: Evasion abilities are banned\n|rule|Sleep Moves Clause: Sleep-inducing moves are banned\n|rule|Swagger Clause: Swagger is banned\n|rule|Baton Pass Stat Clause: No Baton Passer may have a way to boost its stats\n|clearpoke\n|poke|p1|Politoed, M|item\n|poke|p1|Jirachi|item\n|poke|p1|Starmie|item\n|poke|p1|Tentacruel, M|item\n|poke|p1|Mamoswine, F|item\n|poke|p1|Ferrothorn, F|item\n|poke|p2|Politoed, M|item\n|poke|p2|Kyurem-Black|item\n|poke|p2|Starmie|item\n|poke|p2|Ferrothorn, F|item\n|poke|p2|Garchomp, F|item\n|poke|p2|Latios, M|item\n|teampreview\n|inactive|Battle timer is ON: inactive players will automatically lose when time's up. (requested by Blossummm)\n|\n|t:|1711931585\n|start\n|switch|p1a: Politoed|Politoed, M|100\/100\n|switch|p2a: Garchomp|Garchomp, F|100\/100\n|-weather|RainDance|[from] ability: Drizzle|[of] p1a: Politoed\n|turn|1\n|\n|t:|1711931615\n|switch|p2a: Kyurem|Kyurem-Black|100\/100\n|-ability|p2a: Kyurem|Teravolt\n|move|p1a: Politoed|Hydro Pump|p2a: Kyurem\n|-resisted|p2a: Kyurem\n|-damage|p2a: Kyurem|51\/100\n|\n|-weather|RainDance|[upkeep]\n|upkeep\n|turn|2\n|\n|t:|1711931642\n|switch|p1a: Ferrothorn|Ferrothorn, F|100\/100\n|move|p2a: Kyurem|Fusion Bolt|p1a: Ferrothorn\n|-resisted|p1a: Ferrothorn\n|-damage|p1a: Ferrothorn|88\/100\n|\n|-weather|RainDance|[upkeep]\n|-heal|p1a: Ferrothorn|94\/100|[from] item: Leftovers\n|upkeep\n|turn|3\n|inactive|wabrit has 120 seconds left.\n|\n|t:|1711931659\n|move|p2a: Kyurem|Freeze Shock||[still]\n|-prepare|p2a: Kyurem|Freeze Shock\n|-enditem|p2a: Kyurem|Power Herb\n|-anim|p2a: Kyurem|Freeze Shock|p1a: Ferrothorn\n|-damage|p1a: Ferrothorn|36\/100\n|move|p1a: Ferrothorn|Spikes|p2a: Kyurem\n|-sidestart|p2: Blossummm|Spikes\n|\n|-weather|RainDance|[upkeep]\n|-heal|p1a: Ferrothorn|42\/100|[from] item: Leftovers\n|upkeep\n|turn|4\n|inactive|wabrit has 120 seconds left.\n|\n|t:|1711931672\n|move|p2a: Kyurem|Outrage|p1a: Ferrothorn\n|-resisted|p1a: Ferrothorn\n|-damage|p1a: Ferrothorn|16\/100\n|-damage|p2a: Kyurem|38\/100|[from] ability: Iron Barbs|[of] p1a: Ferrothorn\n|move|p1a: Ferrothorn|Leech Seed|p2a: Kyurem\n|-start|p2a: Kyurem|move: Leech Seed\n|\n|-weather|RainDance|[upkeep]\n|-heal|p1a: Ferrothorn|22\/100|[from] item: Leftovers\n|-damage|p2a: Kyurem|26\/100|[from] Leech Seed|[of] p1a: Ferrothorn\n|-heal|p1a: Ferrothorn|36\/100|[silent]\n|upkeep\n|turn|5\n|inactive|wabrit has 120 seconds left.\n|\n|t:|1711931696\n|move|p2a: Kyurem|Outrage|p1a: Ferrothorn|[from]lockedmove\n|-resisted|p1a: Ferrothorn\n|-damage|p1a: Ferrothorn|12\/100\n|-damage|p2a: Kyurem|14\/100|[from] ability: Iron Barbs|[of] p1a: Ferrothorn\n|move|p1a: Ferrothorn|Spikes|p2a: Kyurem\n|-sidestart|p2: Blossummm|Spikes\n|\n|-weather|RainDance|[upkeep]\n|-heal|p1a: Ferrothorn|18\/100|[from] item: Leftovers\n|-damage|p2a: Kyurem|1\/100|[from] Leech Seed|[of] p1a: Ferrothorn\n|-heal|p1a: Ferrothorn|33\/100|[silent]\n|upkeep\n|turn|6\n|\n|t:|1711931708\n|switch|p1a: Politoed|Politoed, M|100\/100\n|move|p2a: Kyurem|Outrage|p1a: Politoed|[from]lockedmove\n|-damage|p1a: Politoed|0 fnt\n|faint|p1a: Politoed\n|-start|p2a: Kyurem|confusion|[fatigue]\n|\n|-weather|RainDance|[upkeep]\n|upkeep\n|\n|t:|1711931731\n|switch|p1a: Starmie|Starmie|100\/100\n|turn|7\n|\n|t:|1711931755\n|move|p1a: Starmie|Thunder|p2a: Kyurem\n|-resisted|p2a: Kyurem\n|-damage|p2a: Kyurem|0 fnt\n|faint|p2a: Kyurem\n|\n|-weather|RainDance|[upkeep]\n|upkeep\n|\n|t:|1711931762\n|switch|p2a: Latios|Latios, M|100\/100\n|turn|8\n|\n|t:|1711931777\n|switch|p1a: Ferrothorn|Ferrothorn, F|33\/100\n|move|p2a: Latios|Draco Meteor|p1a: Ferrothorn\n|-resisted|p1a: Ferrothorn\n|-damage|p1a: Ferrothorn|0 fnt\n|-unboost|p2a: Latios|spa|2\n|faint|p1a: Ferrothorn\n|\n|-weather|RainDance|[upkeep]\n|upkeep\n|\n|t:|1711931786\n|switch|p1a: Jirachi|Jirachi|100\/100\n|turn|9\n|\n|t:|1711931803\n|switch|p2a: Starmie|Starmie|100\/100\n|-item|p2a: Starmie|Air Balloon\n|move|p1a: Jirachi|Substitute|p1a: Jirachi\n|-start|p1a: Jirachi|Substitute\n|-damage|p1a: Jirachi|75\/100\n|\n|-weather|RainDance|[upkeep]\n|-heal|p1a: Jirachi|82\/100|[from] item: Leftovers\n|upkeep\n|turn|10\n|\n|t:|1711931813\n|move|p2a: Starmie|Rapid Spin|p1a: Jirachi\n|-resisted|p1a: Jirachi\n|-activate|p1a: Jirachi|Substitute|[damage]\n|-sideend|p2: Blossummm|Spikes|[from] move: Rapid Spin|[of] p2a: Starmie\n|move|p1a: Jirachi|Calm Mind|p1a: Jirachi\n|-boost|p1a: Jirachi|spa|1\n|-boost|p1a: Jirachi|spd|1\n|\n|-weather|RainDance|[upkeep]\n|-heal|p1a: Jirachi|88\/100|[from] item: Leftovers\n|upkeep\n|turn|11\n|inactive|wabrit has 120 seconds left.\n|\n|t:|1711931821\n|move|p2a: Starmie|Hydro Pump|p1a: Jirachi|[miss]\n|-miss|p2a: Starmie|p1a: Jirachi\n|move|p1a: Jirachi|Calm Mind|p1a: Jirachi\n|-boost|p1a: Jirachi|spa|1\n|-boost|p1a: Jirachi|spd|1\n|\n|-weather|RainDance|[upkeep]\n|-heal|p1a: Jirachi|94\/100|[from] item: Leftovers\n|upkeep\n|turn|12\n|\n|t:|1711931831\n|move|p2a: Starmie|Hydro Pump|p1a: Jirachi\n|-end|p1a: Jirachi|Substitute\n|move|p1a: Jirachi|Thunder|p2a: Starmie\n|-supereffective|p2a: Starmie\n|-damage|p2a: Starmie|0 fnt\n|-enditem|p2a: Starmie|Air Balloon\n|faint|p2a: Starmie\n|\n|-weather|RainDance|[upkeep]\n|-heal|p1a: Jirachi|99\/100|[from] item: Leftovers\n|upkeep\n|\n|t:|1711931834\n|switch|p2a: Garchomp|Garchomp, F|100\/100\n|turn|13\n|\n|t:|1711931848\n|move|p2a: Garchomp|Swords Dance|p2a: Garchomp\n|-boost|p2a: Garchomp|atk|2\n|move|p1a: Jirachi|Icy Wind|p2a: Garchomp\n|-supereffective|p2a: Garchomp\n|-enditem|p2a: Garchomp|Yache Berry|[eat]\n|-enditem|p2a: Garchomp|Yache Berry|[weaken]\n|-damage|p2a: Garchomp|30\/100\n|-unboost|p2a: Garchomp|spe|1\n|\n|-weather|RainDance|[upkeep]\n|-heal|p1a: Jirachi|100\/100|[from] item: Leftovers\n|upkeep\n|turn|14\n|inactive|wabrit has 120 seconds left.\n|\n|t:|1711931871\n|switch|p2a: Politoed|Politoed, M|100\/100\n|move|p1a: Jirachi|Icy Wind|p2a: Politoed\n|-resisted|p2a: Politoed\n|-damage|p2a: Politoed|89\/100\n|-unboost|p2a: Politoed|spe|1\n|\n|-weather|RainDance|[upkeep]\n|-heal|p2a: Politoed|96\/100|[from] item: Leftovers\n|upkeep\n|turn|15\n|\n|t:|1711931881\n|move|p1a: Jirachi|Thunder|p2a: Politoed\n|-supereffective|p2a: Politoed\n|-damage|p2a: Politoed|0 fnt\n|faint|p2a: Politoed\n|\n|-weather|RainDance|[upkeep]\n|upkeep\n|\n|t:|1711931885\n|switch|p2a: Garchomp|Garchomp, F|30\/100\n|turn|16\n|\n|t:|1711931897\n|switch|p1a: Tentacruel|Tentacruel, M|100\/100\n|move|p2a: Garchomp|Earthquake|p1a: Tentacruel\n|-supereffective|p1a: Tentacruel\n|-damage|p1a: Tentacruel|8\/100\n|\n|-weather|RainDance|[upkeep]\n|-heal|p1a: Tentacruel|14\/100|[from] ability: Rain Dish\n|-heal|p1a: Tentacruel|20\/100|[from] item: Black Sludge\n|upkeep\n|turn|17\n|\n|t:|1711931905\n|move|p2a: Garchomp|Earthquake|p1a: Tentacruel\n|-supereffective|p1a: Tentacruel\n|-damage|p1a: Tentacruel|0 fnt\n|faint|p1a: Tentacruel\n|\n|-weather|RainDance|[upkeep]\n|upkeep\n|\n|t:|1711931912\n|switch|p1a: Starmie|Starmie|100\/100\n|turn|18\n|\n|t:|1711931925\n|switch|p2a: Ferrothorn|Ferrothorn, F|100\/100\n|move|p1a: Starmie|Hydro Pump|p2a: Ferrothorn\n|-resisted|p2a: Ferrothorn\n|-damage|p2a: Ferrothorn|75\/100\n|\n|-weather|RainDance|[upkeep]\n|-heal|p2a: Ferrothorn|81\/100|[from] item: Leftovers\n|upkeep\n|turn|19\n|\n|t:|1711931933\n|switch|p1a: Jirachi|Jirachi|100\/100\n|move|p2a: Ferrothorn|Power Whip|p1a: Jirachi\n|-resisted|p1a: Jirachi\n|-damage|p1a: Jirachi|80\/100\n|\n|-weather|RainDance|[upkeep]\n|-heal|p1a: Jirachi|86\/100|[from] item: Leftovers\n|-heal|p2a: Ferrothorn|87\/100|[from] item: Leftovers\n|upkeep\n|turn|20\n|\n|t:|1711931956\n|switch|p2a: Latios|Latios, M|100\/100\n|move|p1a: Jirachi|Substitute|p1a: Jirachi\n|-start|p1a: Jirachi|Substitute\n|-damage|p1a: Jirachi|61\/100\n|\n|-weather|RainDance|[upkeep]\n|-heal|p1a: Jirachi|68\/100|[from] item: Leftovers\n|upkeep\n|turn|21\n|\n|t:|1711931965\n|move|p2a: Latios|Surf|p1a: Jirachi\n|-crit|p1a: Jirachi\n|-end|p1a: Jirachi|Substitute\n|move|p1a: Jirachi|Thunder|p2a: Latios\n|-resisted|p2a: Latios\n|-damage|p2a: Latios|80\/100\n|\n|-weather|RainDance|[upkeep]\n|-heal|p1a: Jirachi|74\/100|[from] item: Leftovers\n|upkeep\n|turn|22\n|\n|t:|1711931987\n|switch|p1a: Starmie|Starmie|100\/100\n|move|p2a: Latios|Surf|p1a: Starmie\n|-resisted|p1a: Starmie\n|-crit|p1a: Starmie\n|-damage|p1a: Starmie|28\/100\n|\n|-weather|RainDance|[upkeep]\n|upkeep\n|turn|23\n|\n|t:|1711931995\n|move|p2a: Latios|Surf|p1a: Starmie\n|-resisted|p1a: Starmie\n|-crit|p1a: Starmie\n|-damage|p1a: Starmie|0 fnt\n|faint|p1a: Starmie\n|\n|-weather|RainDance|[upkeep]\n|upkeep\n|\n|t:|1711932002\n|switch|p1a: Mamoswine|Mamoswine, F|100\/100\n|turn|24\n|\n|t:|1711932017\n|move|p1a: Mamoswine|Ice Shard|p2a: Latios\n|-supereffective|p2a: Latios\n|-crit|p2a: Latios\n|-damage|p2a: Latios|0 fnt\n|faint|p2a: Latios\n|\n|-weather|RainDance|[upkeep]\n|upkeep\n|\n|t:|1711932023\n|switch|p2a: Ferrothorn|Ferrothorn, F|87\/100\n|turn|25\n|\n|t:|1711932033\n|switch|p1a: Jirachi|Jirachi|74\/100\n|move|p2a: Ferrothorn|Power Whip|p1a: Jirachi\n|-resisted|p1a: Jirachi\n|-damage|p1a: Jirachi|56\/100\n|\n|-weather|RainDance|[upkeep]\n|-heal|p1a: Jirachi|63\/100|[from] item: Leftovers\n|-heal|p2a: Ferrothorn|93\/100|[from] item: Leftovers\n|upkeep\n|turn|26\n|\n|t:|1711932044\n|switch|p2a: Garchomp|Garchomp, F|30\/100\n|move|p1a: Jirachi|Substitute|p1a: Jirachi\n|-start|p1a: Jirachi|Substitute\n|-damage|p1a: Jirachi|38\/100\n|\n|-weather|RainDance|[upkeep]\n|-heal|p1a: Jirachi|44\/100|[from] item: Leftovers\n|upkeep\n|turn|27\n|\n|t:|1711932051\n|move|p2a: Garchomp|Earthquake|p1a: Jirachi\n|-supereffective|p1a: Jirachi\n|-end|p1a: Jirachi|Substitute\n|move|p1a: Jirachi|Icy Wind|p2a: Garchomp\n|-supereffective|p2a: Garchomp\n|-damage|p2a: Garchomp|0 fnt\n|faint|p2a: Garchomp\n|\n|-weather|RainDance|[upkeep]\n|-heal|p1a: Jirachi|50\/100|[from] item: Leftovers\n|upkeep\n|\n|t:|1711932053\n|switch|p2a: Ferrothorn|Ferrothorn, F|93\/100\n|turn|28\n|\n|t:|1711932061\n|move|p1a: Jirachi|Substitute|p1a: Jirachi\n|-start|p1a: Jirachi|Substitute\n|-damage|p1a: Jirachi|25\/100\n|move|p2a: Ferrothorn|Gyro Ball|p1a: Jirachi\n|-resisted|p1a: Jirachi\n|-activate|p1a: Jirachi|Substitute|[damage]\n|\n|-weather|RainDance|[upkeep]\n|-heal|p1a: Jirachi|31\/100|[from] item: Leftovers\n|-heal|p2a: Ferrothorn|99\/100|[from] item: Leftovers\n|upkeep\n|turn|29\n|\n|t:|1711932070\n|move|p1a: Jirachi|Calm Mind|p1a: Jirachi\n|-boost|p1a: Jirachi|spa|1\n|-boost|p1a: Jirachi|spd|1\n|move|p2a: Ferrothorn|Gyro Ball|p1a: Jirachi\n|-resisted|p1a: Jirachi\n|-end|p1a: Jirachi|Substitute\n|\n|-weather|RainDance|[upkeep]\n|-heal|p1a: Jirachi|37\/100|[from] item: Leftovers\n|-heal|p2a: Ferrothorn|100\/100|[from] item: Leftovers\n|upkeep\n|turn|30\n|\n|t:|1711932084\n|move|p1a: Jirachi|Substitute|p1a: Jirachi\n|-start|p1a: Jirachi|Substitute\n|-damage|p1a: Jirachi|12\/100\n|move|p2a: Ferrothorn|Gyro Ball|p1a: Jirachi\n|-resisted|p1a: Jirachi\n|-activate|p1a: Jirachi|Substitute|[damage]\n|\n|-weather|RainDance|[upkeep]\n|-heal|p1a: Jirachi|18\/100|[from] item: Leftovers\n|upkeep\n|turn|31\n|\n|t:|1711932092\n|move|p1a: Jirachi|Thunder|p2a: Ferrothorn\n|-resisted|p2a: Ferrothorn\n|-crit|p2a: Ferrothorn\n|-damage|p2a: Ferrothorn|62\/100\n|-status|p2a: Ferrothorn|par\n|move|p2a: Ferrothorn|Gyro Ball|p1a: Jirachi\n|-resisted|p1a: Jirachi\n|-end|p1a: Jirachi|Substitute\n|\n|-weather|RainDance|[upkeep]\n|-heal|p1a: Jirachi|25\/100|[from] item: Leftovers\n|-heal|p2a: Ferrothorn|68\/100 par|[from] item: Leftovers\n|upkeep\n|turn|32\n|\n|t:|1711932106\n|move|p1a: Jirachi|Thunder|p2a: Ferrothorn\n|-resisted|p2a: Ferrothorn\n|-damage|p2a: Ferrothorn|47\/100 par\n|cant|p2a: Ferrothorn|par\n|\n|-weather|RainDance|[upkeep]\n|-heal|p1a: Jirachi|31\/100|[from] item: Leftovers\n|-heal|p2a: Ferrothorn|53\/100 par|[from] item: Leftovers\n|upkeep\n|turn|33\n|\n|t:|1711932114\n|move|p1a: Jirachi|Thunder|p2a: Ferrothorn\n|-resisted|p2a: Ferrothorn\n|-damage|p2a: Ferrothorn|32\/100 par\n|move|p2a: Ferrothorn|Gyro Ball|p1a: Jirachi\n|-resisted|p1a: Jirachi\n|-damage|p1a: Jirachi|9\/100\n|\n|-weather|RainDance|[upkeep]\n|-heal|p1a: Jirachi|15\/100|[from] item: Leftovers\n|-heal|p2a: Ferrothorn|38\/100 par|[from] item: Leftovers\n|upkeep\n|turn|34\n|n|!Blossummm|blossummm\n|\n|t:|1711932126\n|move|p1a: Jirachi|Thunder|p2a: Ferrothorn\n|-resisted|p2a: Ferrothorn\n|-damage|p2a: Ferrothorn|19\/100 par\n|cant|p2a: Ferrothorn|par\n|\n|-weather|RainDance|[upkeep]\n|-heal|p1a: Jirachi|21\/100|[from] item: Leftovers\n|-heal|p2a: Ferrothorn|25\/100 par|[from] item: Leftovers\n|upkeep\n|turn|35\n|\n|t:|1711932135\n|move|p1a: Jirachi|Thunder|p2a: Ferrothorn\n|-resisted|p2a: Ferrothorn\n|-damage|p2a: Ferrothorn|5\/100 par\n|move|p2a: Ferrothorn|Gyro Ball|p1a: Jirachi\n|-resisted|p1a: Jirachi\n|-damage|p1a: Jirachi|0 fnt\n|faint|p1a: Jirachi\n|\n|-weather|RainDance|[upkeep]\n|-heal|p2a: Ferrothorn|11\/100 par|[from] item: Leftovers\n|upkeep\n|\n|t:|1711932143\n|switch|p1a: Mamoswine|Mamoswine, F|100\/100\n|turn|36\n|\n|t:|1711932148\n|move|p1a: Mamoswine|Earthquake|p2a: Ferrothorn\n|-damage|p2a: Ferrothorn|0 fnt\n|faint|p2a: Ferrothorn\n|\n|win|wabrit\n","uploadtime":1711932122,"views":0,"formatid":"gen5ou","rating":null,"private":0,"password":null}