{"id":"gen6ou-2093331678","format":"[Gen 6] OU","players":["Redstreak4","Flamjingo"],"log":"|j|\u2606Redstreak4\n|j|\u2606Flamjingo\n|t:|1711940373\n|gametype|singles\n|player|p1|Redstreak4|scientist-gen4dp|\n|player|p2|Flamjingo|fisherman-gen4|\n|teamsize|p1|6\n|teamsize|p2|6\n|gen|6\n|tier|[Gen 6] OU\n|rule|Sleep Clause Mod: Limit one foe put to sleep\n|rule|Species Clause: Limit one of each Pok\u00e9mon\n|rule|OHKO Clause: OHKO moves are banned\n|rule|Moody Clause: Moody is banned\n|rule|Evasion Items Clause: Evasion items are banned\n|rule|Evasion Moves Clause: Evasion moves are banned\n|rule|Endless Battle Clause: Forcing endless battles is banned\n|rule|HP Percentage Mod: HP is shown in percentages\n|rule|Swagger Clause: Swagger is banned\n|clearpoke\n|poke|p1|Excadrill, F|item\n|poke|p1|Hippowdon, M|item\n|poke|p1|Gliscor, F|item\n|poke|p1|Celebi|item\n|poke|p1|Volcarona, F|item\n|poke|p1|Cradily, M|item\n|poke|p2|Politoed, F|item\n|poke|p2|Ludicolo, F|item\n|poke|p2|Kabutops, F|item\n|poke|p2|Chansey, F|item\n|poke|p2|Klefki, F|item\n|poke|p2|Clefable, M|item\n|teampreview\n|j| JamesKolesar\n|j| bidoofing ur mom\n|j| 5avior7432\n|j| Meliryen\n|j| fincherfan86\n|c|\u2606Redstreak4|r?\n|c| JamesKolesar|good luck folks\n|c|\u2606Flamjingo|r\n|c|\u2606Flamjingo|no luck\n|c|\u2606Flamjingo|luck involves crits\n|\n|t:|1711940440\n|start\n|switch|p1a: Hungry Howie|Hippowdon, M|100\/100\n|switch|p2a: Ludicolo|Ludicolo, F|100\/100\n|-weather|Sandstorm|[from] ability: Sand Stream|[of] p1a: Hungry Howie\n|turn|1\n|\n|t:|1711940497\n|switch|p1a: Freak|Cradily, M|100\/100\n|move|p2a: Ludicolo|Rain Dance|p2a: Ludicolo\n|-weather|RainDance\n|\n|-weather|RainDance|[upkeep]\n|upkeep\n|turn|2\n|\n|t:|1711940523\n|switch|p2a: Klefki|Klefki, F|100\/100\n|move|p1a: Freak|Stealth Rock|p2a: Klefki\n|-sidestart|p2: Flamjingo|move: Stealth Rock\n|\n|-weather|RainDance|[upkeep]\n|upkeep\n|turn|3\n|\n|t:|1711940571\n|switch|p1a: Exxon Mobil|Excadrill, F|100\/100\n|move|p2a: Klefki|Light Screen|p2a: Klefki\n|-sidestart|p2: Flamjingo|move: Light Screen\n|\n|-weather|RainDance|[upkeep]\n|upkeep\n|turn|4\n|j| Rileyon\n|\n|t:|1711940609\n|switch|p2a: Ludicolo|Ludicolo, F|100\/100\n|-damage|p2a: Ludicolo|88\/100|[from] Stealth Rock\n|move|p1a: Exxon Mobil|Swords Dance|p1a: Exxon Mobil\n|-boost|p1a: Exxon Mobil|atk|2\n|\n|-weather|RainDance|[upkeep]\n|upkeep\n|turn|5\n|\n|t:|1711940675\n|switch|p1a: Freak|Cradily, M|100\/100\n|move|p2a: Ludicolo|Hydro Pump|p1a: Freak\n|-ability|p1a: Freak|Storm Drain|boost\n|-boost|p1a: Freak|spa|1\n|\n|-weather|none\n|upkeep\n|turn|6\n|\n|t:|1711940705\n|switch|p2a: Clefable|Clefable, M|100\/100\n|-damage|p2a: Clefable|88\/100|[from] Stealth Rock\n|move|p1a: Freak|Giga Drain|p2a: Clefable\n|-damage|p2a: Clefable|78\/100\n|\n|-heal|p2a: Clefable|84\/100|[from] item: Leftovers\n|upkeep\n|turn|7\n|\n|t:|1711940737\n|switch|p1a: Hungry Howie|Hippowdon, M|100\/100\n|-weather|Sandstorm|[from] ability: Sand Stream|[of] p1a: Hungry Howie\n|move|p2a: Clefable|Flamethrower|p1a: Hungry Howie\n|-damage|p1a: Hungry Howie|83\/100\n|\n|-weather|Sandstorm|[upkeep]\n|-damage|p2a: Clefable|78\/100|[from] Sandstorm\n|-heal|p2a: Clefable|84\/100|[from] item: Leftovers\n|upkeep\n|turn|8\n|\n|t:|1711940771\n|move|p2a: Clefable|Calm Mind|p2a: Clefable\n|-boost|p2a: Clefable|spa|1\n|-boost|p2a: Clefable|spd|1\n|move|p1a: Hungry Howie|Earthquake|p2a: Clefable\n|-damage|p2a: Clefable|55\/100\n|\n|-weather|Sandstorm|[upkeep]\n|-damage|p2a: Clefable|48\/100|[from] Sandstorm\n|-heal|p2a: Clefable|55\/100|[from] item: Leftovers\n|upkeep\n|turn|9\n|\n|t:|1711940801\n|move|p2a: Clefable|Wish|p2a: Clefable\n|move|p1a: Hungry Howie|Earthquake|p2a: Clefable\n|-damage|p2a: Clefable|27\/100\n|\n|-weather|Sandstorm|[upkeep]\n|-damage|p2a: Clefable|21\/100|[from] Sandstorm\n|-heal|p2a: Clefable|27\/100|[from] item: Leftovers\n|upkeep\n|turn|10\n|\n|t:|1711940831\n|switch|p2a: Politoed|Politoed, F|100\/100\n|-damage|p2a: Politoed|88\/100|[from] Stealth Rock\n|-weather|RainDance|[from] ability: Drizzle|[of] p2a: Politoed\n|switch|p1a: Exxon Mobil|Excadrill, F|100\/100\n|\n|-weather|RainDance|[upkeep]\n|-heal|p2a: Politoed|100\/100|[from] move: Wish|[wisher] Clefable\n|-sideend|p2: Flamjingo|move: Light Screen\n|upkeep\n|turn|11\n|\n|t:|1711940881\n|switch|p1a: Celery|Celebi|100\/100\n|move|p2a: Politoed|Power-Up Punch|p1a: Celery\n|-resisted|p1a: Celery\n|-damage|p1a: Celery|97\/100\n|-boost|p2a: Politoed|atk|1\n|\n|-weather|RainDance|[upkeep]\n|-heal|p1a: Celery|100\/100|[from] item: Leftovers\n|upkeep\n|turn|12\n|\n|t:|1711940912\n|switch|p2a: Chansey|Chansey, F|100\/100\n|-damage|p2a: Chansey|88\/100|[from] Stealth Rock\n|move|p1a: Celery|Giga Drain|p2a: Chansey\n|-damage|p2a: Chansey|81\/100\n|\n|-weather|RainDance|[upkeep]\n|upkeep\n|turn|13\n|\n|t:|1711940941\n|switch|p1a: Uncle Gary|Gliscor, F|100\/100\n|move|p2a: Chansey|Toxic|p1a: Uncle Gary\n|-status|p1a: Uncle Gary|tox\n|\n|-weather|RainDance|[upkeep]\n|upkeep\n|turn|14\n|\n|t:|1711940963\n|move|p1a: Uncle Gary|Taunt|p2a: Chansey\n|-start|p2a: Chansey|move: Taunt\n|cant|p2a: Chansey|move: Taunt|Wish\n|\n|-weather|RainDance|[upkeep]\n|upkeep\n|turn|15\n|\n|t:|1711940981\n|switch|p2a: Ludicolo|Ludicolo, F|88\/100\n|-damage|p2a: Ludicolo|76\/100|[from] Stealth Rock\n|move|p1a: Uncle Gary|Swords Dance|p1a: Uncle Gary\n|-boost|p1a: Uncle Gary|atk|2\n|\n|-weather|RainDance|[upkeep]\n|upkeep\n|turn|16\n|\n|t:|1711941013\n|switch|p1a: Freak|Cradily, M|100\/100\n|move|p2a: Ludicolo|Ice Beam|p1a: Freak\n|-supereffective|p1a: Freak\n|-damage|p1a: Freak|55\/100\n|-damage|p2a: Ludicolo|66\/100|[from] item: Life Orb\n|\n|-weather|RainDance|[upkeep]\n|-heal|p1a: Freak|61\/100|[from] item: Leftovers\n|upkeep\n|turn|17\n|\n|t:|1711941059\n|move|p2a: Ludicolo|Ice Beam|p1a: Freak\n|-supereffective|p1a: Freak\n|-damage|p1a: Freak|15\/100\n|-damage|p2a: Ludicolo|56\/100|[from] item: Life Orb\n|move|p1a: Freak|Giga Drain|p2a: Ludicolo\n|-damage|p2a: Ludicolo|29\/100\n|-heal|p1a: Freak|25\/100|[from] drain|[of] p2a: Ludicolo\n|\n|-weather|none\n|-heal|p1a: Freak|32\/100|[from] item: Leftovers\n|upkeep\n|turn|18\n|\n|t:|1711941115\n|switch|p1a: Exxon Mobil|Excadrill, F|100\/100\n|move|p2a: Ludicolo|Ice Beam|p1a: Exxon Mobil\n|-damage|p1a: Exxon Mobil|52\/100\n|-damage|p2a: Ludicolo|19\/100|[from] item: Life Orb\n|\n|-heal|p1a: Exxon Mobil|58\/100|[from] item: Leftovers\n|upkeep\n|turn|19\n|\n|t:|1711941163\n|switch|p2a: Politoed|Politoed, F|100\/100\n|-damage|p2a: Politoed|88\/100|[from] Stealth Rock\n|-weather|RainDance|[from] ability: Drizzle|[of] p2a: Politoed\n|move|p1a: Exxon Mobil|Iron Head|p2a: Politoed\n|-resisted|p2a: Politoed\n|-damage|p2a: Politoed|66\/100\n|\n|-weather|RainDance|[upkeep]\n|-heal|p1a: Exxon Mobil|64\/100|[from] item: Leftovers\n|upkeep\n|turn|20\n|\n|t:|1711941192\n|switch|p1a: Freak|Cradily, M|32\/100\n|switch|p2a: Chansey|Chansey, F|81\/100\n|-damage|p2a: Chansey|68\/100|[from] Stealth Rock\n|\n|-weather|RainDance|[upkeep]\n|-heal|p1a: Freak|38\/100|[from] item: Leftovers\n|upkeep\n|turn|21\n|\n|t:|1711941212\n|move|p2a: Chansey|Wish|p2a: Chansey\n|move|p1a: Freak|Recover|p1a: Freak\n|-heal|p1a: Freak|88\/100\n|\n|-weather|RainDance|[upkeep]\n|-heal|p1a: Freak|94\/100|[from] item: Leftovers\n|upkeep\n|turn|22\n|\n|t:|1711941243\n|switch|p2a: Clefable|Clefable, M|27\/100\n|-damage|p2a: Clefable|14\/100|[from] Stealth Rock\n|move|p1a: Freak|Ancient Power|p2a: Clefable\n|-damage|p2a: Clefable|0 fnt\n|faint|p2a: Clefable\n|\n|-weather|RainDance|[upkeep]\n|-heal|p1a: Freak|99\/100|[from] item: Leftovers\n|upkeep\n|\n|t:|1711941252\n|switch|p2a: Kabutops|Kabutops, F|100\/100\n|-damage|p2a: Kabutops|88\/100|[from] Stealth Rock\n|turn|23\n|\n|t:|1711941277\n|move|p2a: Kabutops|Superpower|p1a: Freak\n|-supereffective|p1a: Freak\n|-crit|p1a: Freak\n|-damage|p1a: Freak|0 fnt\n|-unboost|p2a: Kabutops|atk|1\n|-unboost|p2a: Kabutops|def|1\n|faint|p1a: Freak\n|\n|-weather|RainDance|[upkeep]\n|upkeep\n|\n|t:|1711941306\n|switch|p1a: Celery|Celebi|100\/100\n|turn|24\n|\n|t:|1711941333\n|switch|p2a: Chansey|Chansey, F|68\/100\n|-damage|p2a: Chansey|56\/100|[from] Stealth Rock\n|move|p1a: Celery|Thunder Wave|p2a: Chansey\n|-status|p2a: Chansey|par\n|\n|-weather|RainDance|[upkeep]\n|upkeep\n|turn|25\n|\n|t:|1711941358\n|switch|p1a: Hungry Howie|Hippowdon, M|83\/100\n|-weather|Sandstorm|[from] ability: Sand Stream|[of] p1a: Hungry Howie\n|move|p2a: Chansey|Heal Bell|p2a: Chansey\n|-activate|p2a: Chansey|move: Heal Bell\n|-curestatus|p2a: Chansey|par|[msg]\n|\n|-weather|Sandstorm|[upkeep]\n|-damage|p2a: Chansey|50\/100|[from] Sandstorm\n|upkeep\n|turn|26\n|\n|t:|1711941399\n|switch|p1a: Exxon Mobil|Excadrill, F|64\/100\n|move|p2a: Chansey|Wish|p2a: Chansey\n|\n|-weather|Sandstorm|[upkeep]\n|-damage|p2a: Chansey|43\/100|[from] Sandstorm\n|-heal|p1a: Exxon Mobil|71\/100|[from] item: Leftovers\n|upkeep\n|turn|27\n|\n|t:|1711941423\n|move|p1a: Exxon Mobil|Earthquake|p2a: Chansey\n|-damage|p2a: Chansey|5\/100\n|move|p2a: Chansey|Counter|p1a: Exxon Mobil\n|-damage|p1a: Exxon Mobil|0 fnt\n|faint|p1a: Exxon Mobil\n|\n|-weather|Sandstorm|[upkeep]\n|-damage|p2a: Chansey|0 fnt|[from] Sandstorm\n|faint|p2a: Chansey\n|upkeep\n|\n|t:|1711941440\n|switch|p1a: Celery|Celebi|100\/100\n|switch|p2a: Klefki|Klefki, F|100\/100\n|-damage|p2a: Klefki|95\/100|[from] Stealth Rock\n|turn|28\n|\n|t:|1711941473\n|switch|p1a: Chlamydia|Volcarona, F|100\/100\n|move|p2a: Klefki|Toxic|p1a: Chlamydia\n|-status|p1a: Chlamydia|tox\n|-enditem|p1a: Chlamydia|Lum Berry|[eat]\n|-curestatus|p1a: Chlamydia|tox|[msg]\n|\n|-weather|Sandstorm|[upkeep]\n|-damage|p1a: Chlamydia|94\/100|[from] Sandstorm\n|upkeep\n|turn|29\n|\n|t:|1711941505\n|move|p2a: Klefki|Light Screen|p2a: Klefki\n|-sidestart|p2: Flamjingo|move: Light Screen\n|move|p1a: Chlamydia|Quiver Dance|p1a: Chlamydia\n|-boost|p1a: Chlamydia|spa|1\n|-boost|p1a: Chlamydia|spd|1\n|-boost|p1a: Chlamydia|spe|1\n|\n|-weather|Sandstorm|[upkeep]\n|-damage|p1a: Chlamydia|88\/100|[from] Sandstorm\n|upkeep\n|turn|30\n|\n|t:|1711941534\n|switch|p2a: Politoed|Politoed, F|66\/100\n|-damage|p2a: Politoed|54\/100|[from] Stealth Rock\n|-weather|RainDance|[from] ability: Drizzle|[of] p2a: Politoed\n|move|p1a: Chlamydia|Quiver Dance|p1a: Chlamydia\n|-boost|p1a: Chlamydia|spa|1\n|-boost|p1a: Chlamydia|spd|1\n|-boost|p1a: Chlamydia|spe|1\n|\n|-weather|RainDance|[upkeep]\n|upkeep\n|turn|31\n|\n|t:|1711941590\n|move|p1a: Chlamydia|Giga Drain|p2a: Politoed\n|-supereffective|p2a: Politoed\n|-damage|p2a: Politoed|9\/100\n|-heal|p1a: Chlamydia|100\/100|[from] drain|[of] p2a: Politoed\n|move|p2a: Politoed|Rest|p2a: Politoed\n|-status|p2a: Politoed|slp|[from] move: Rest\n|-heal|p2a: Politoed|100\/100 slp|[silent]\n|\n|-weather|RainDance|[upkeep]\n|upkeep\n|turn|32\n|\n|t:|1711941618\n|move|p1a: Chlamydia|Quiver Dance|p1a: Chlamydia\n|-boost|p1a: Chlamydia|spa|1\n|-boost|p1a: Chlamydia|spd|1\n|-boost|p1a: Chlamydia|spe|1\n|cant|p2a: Politoed|slp\n|move|p2a: Politoed|Sleep Talk|p2a: Politoed\n|move|p2a: Politoed|Power-Up Punch|p1a: Chlamydia|[from]move: Sleep Talk\n|-resisted|p1a: Chlamydia\n|-damage|p1a: Chlamydia|94\/100\n|-boost|p2a: Politoed|atk|1\n|\n|-weather|RainDance|[upkeep]\n|upkeep\n|turn|33\n|\n|t:|1711941631\n|move|p1a: Chlamydia|Giga Drain|p2a: Politoed\n|-supereffective|p2a: Politoed\n|-damage|p2a: Politoed|37\/100 slp\n|-heal|p1a: Chlamydia|100\/100|[from] drain|[of] p2a: Politoed\n|cant|p2a: Politoed|slp\n|move|p2a: Politoed|Sleep Talk|p2a: Politoed\n|move|p2a: Politoed|Waterfall|p1a: Chlamydia|[from]move: Sleep Talk\n|-supereffective|p1a: Chlamydia\n|-damage|p1a: Chlamydia|0 fnt\n|faint|p1a: Chlamydia\n|\n|-weather|RainDance|[upkeep]\n|upkeep\n|\n|t:|1711941658\n|switch|p1a: Celery|Celebi|100\/100\n|turn|34\n|\n|t:|1711941695\n|switch|p2a: Ludicolo|Ludicolo, F|19\/100\n|-damage|p2a: Ludicolo|7\/100|[from] Stealth Rock\n|move|p1a: Celery|Thunder Wave|p2a: Ludicolo\n|-status|p2a: Ludicolo|par\n|\n|-weather|RainDance|[upkeep]\n|upkeep\n|turn|35\n|\n|t:|1711941714\n|move|p1a: Celery|Giga Drain|p2a: Ludicolo\n|-damage|p2a: Ludicolo|0 fnt\n|faint|p2a: Ludicolo\n|\n|-weather|RainDance|[upkeep]\n|upkeep\n|\n|t:|1711941722\n|switch|p2a: Klefki|Klefki, F|95\/100\n|-damage|p2a: Klefki|89\/100|[from] Stealth Rock\n|turn|36\n|\n|t:|1711941744\n|switch|p1a: Hungry Howie|Hippowdon, M|83\/100\n|-weather|Sandstorm|[from] ability: Sand Stream|[of] p1a: Hungry Howie\n|move|p2a: Klefki|Toxic|p1a: Hungry Howie|[miss]\n|-miss|p2a: Klefki|p1a: Hungry Howie\n|\n|-weather|Sandstorm|[upkeep]\n|-sideend|p2: Flamjingo|move: Light Screen\n|upkeep\n|turn|37\n|\n|t:|1711941770\n|move|p2a: Klefki|Reflect|p2a: Klefki\n|-sidestart|p2: Flamjingo|Reflect\n|move|p1a: Hungry Howie|Earthquake|p2a: Klefki\n|-supereffective|p2a: Klefki\n|-damage|p2a: Klefki|58\/100\n|\n|-weather|Sandstorm|[upkeep]\n|upkeep\n|turn|38\n|\n|t:|1711941788\n|move|p2a: Klefki|Spikes|p1a: Hungry Howie\n|-sidestart|p1: Redstreak4|Spikes\n|move|p1a: Hungry Howie|Earthquake|p2a: Klefki\n|-supereffective|p2a: Klefki\n|-crit|p2a: Klefki\n|-damage|p2a: Klefki|0 fnt\n|faint|p2a: Klefki\n|\n|-weather|Sandstorm|[upkeep]\n|upkeep\n|\n|t:|1711941795\n|switch|p2a: Politoed|Politoed, F|37\/100 slp\n|-damage|p2a: Politoed|25\/100 slp|[from] Stealth Rock\n|-weather|RainDance|[from] ability: Drizzle|[of] p2a: Politoed\n|turn|39\n|\n|t:|1711941831\n|-curestatus|p2a: Politoed|slp|[msg]\n|move|p2a: Politoed|Waterfall|p1a: Hungry Howie\n|-supereffective|p1a: Hungry Howie\n|-damage|p1a: Hungry Howie|32\/100\n|move|p1a: Hungry Howie|Earthquake|p2a: Politoed\n|-damage|p2a: Politoed|7\/100\n|\n|-weather|RainDance|[upkeep]\n|upkeep\n|turn|40\n|\n|t:|1711941840\n|switch|p1a: Celery|Celebi|100\/100\n|-damage|p1a: Celery|88\/100|[from] Spikes\n|move|p2a: Politoed|Rest|p2a: Politoed\n|-status|p2a: Politoed|slp|[from] move: Rest\n|-heal|p2a: Politoed|100\/100 slp|[silent]\n|\n|-weather|RainDance|[upkeep]\n|-heal|p1a: Celery|94\/100|[from] item: Leftovers\n|upkeep\n|turn|41\n|\n|t:|1711941901\n|switch|p2a: Kabutops|Kabutops, F|88\/100\n|-damage|p2a: Kabutops|76\/100|[from] Stealth Rock\n|move|p1a: Celery|Giga Drain|p2a: Kabutops\n|-supereffective|p2a: Kabutops\n|-crit|p2a: Kabutops\n|-damage|p2a: Kabutops|0 fnt\n|-heal|p1a: Celery|100\/100|[from] drain|[of] p2a: Kabutops\n|faint|p2a: Kabutops\n|\n|-weather|RainDance|[upkeep]\n|upkeep\n|\n|t:|1711941911\n|switch|p2a: Politoed|Politoed, F|100\/100 slp\n|-damage|p2a: Politoed|88\/100 slp|[from] Stealth Rock\n|turn|42\n|c|\u2606Flamjingo|James you kinxed it with all these crits\n|\n|t:|1711941926\n|move|p1a: Celery|Giga Drain|p2a: Politoed\n|-supereffective|p2a: Politoed\n|-damage|p2a: Politoed|41\/100 slp\n|cant|p2a: Politoed|slp\n|move|p2a: Politoed|Sleep Talk|p2a: Politoed\n|move|p2a: Politoed|Rest||[from]move: Sleep Talk|[still]\n|-fail|p2a: Politoed\n|\n|-weather|RainDance|[upkeep]\n|upkeep\n|turn|43\n|\n|t:|1711941933\n|move|p1a: Celery|Giga Drain|p2a: Politoed\n|-supereffective|p2a: Politoed\n|-damage|p2a: Politoed|0 fnt\n|faint|p2a: Politoed\n|\n|win|Redstreak4\n|c|\u2606Redstreak4|ggs\n|c| JamesKolesar|ggs\n|c|\u2606Flamjingo|gg\n|c|\u2606Redstreak4|I am sorry that I used luck\n|l| Meliryen\n","uploadtime":1711941964,"views":4,"formatid":"gen6ou","rating":null,"private":0,"password":null}