{"id":"gen6ou-2093376091","format":"[Gen 6] OU","players":["radical robert","ORASZ Ruffles"],"log":"|raw|<div class=\"broadcast-blue\"><strong>This battle is required to be public due to a player having a name starting with 'orasz'.<\/div>\n|j|\u2606radical robert\n|j|\u2606ORASZ Ruffles\n|t:|1711946962\n|gametype|singles\n|player|p1|radical robert|swimmerf|1322\n|player|p2|ORASZ Ruffles|benga|1616\n|teamsize|p1|6\n|teamsize|p2|6\n|gen|6\n|tier|[Gen 6] OU\n|rated|\n|rule|Sleep Clause Mod: Limit one foe put to sleep\n|rule|Species Clause: Limit one of each Pok\u00e9mon\n|rule|OHKO Clause: OHKO moves are banned\n|rule|Moody Clause: Moody is banned\n|rule|Evasion Items Clause: Evasion items are banned\n|rule|Evasion Moves Clause: Evasion moves are banned\n|rule|Endless Battle Clause: Forcing endless battles is banned\n|rule|HP Percentage Mod: HP is shown in percentages\n|rule|Swagger Clause: Swagger is banned\n|clearpoke\n|poke|p1|Cloyster, M|item\n|poke|p1|Aerodactyl, M|item\n|poke|p1|Scizor, M|item\n|poke|p1|Weavile, M|item\n|poke|p1|Volcarona, M|item\n|poke|p1|Thundurus-Therian, M|item\n|poke|p2|Gallade, M|item\n|poke|p2|Bisharp, F|item\n|poke|p2|Manaphy|item\n|poke|p2|Volcarona, M|item\n|poke|p2|Serperior, M|item\n|poke|p2|Landorus-Therian, M|item\n|teampreview\n|\n|t:|1711946967\n|start\n|switch|p1a: Weavile|Weavile, M|100\/100\n|switch|p2a: Landorus|Landorus-Therian, M|100\/100\n|-ability|p2a: Landorus|Intimidate|boost\n|-unboost|p1a: Weavile|atk|1\n|turn|1\n|inactive|Battle timer is ON: inactive players will automatically lose when time's up. (requested by ORASZ Ruffles)\n|\n|t:|1711946969\n|move|p2a: Landorus|U-turn|p1a: Weavile\n|-supereffective|p1a: Weavile\n|-damage|p1a: Weavile|7\/100\n|\n|t:|1711946972\n|switch|p2a: Bisharp|Bisharp, F|100\/100|[from] U-turn\n|move|p1a: Weavile|Icicle Crash|p2a: Bisharp\n|-resisted|p2a: Bisharp\n|-damage|p2a: Bisharp|84\/100\n|\n|upkeep\n|turn|2\n|\n|t:|1711946977\n|move|p2a: Bisharp|Sucker Punch|p1a: Weavile\n|-resisted|p1a: Weavile\n|-damage|p1a: Weavile|0 fnt\n|faint|p1a: Weavile\n|\n|upkeep\n|\n|t:|1711946986\n|switch|p1a: Aerodactyl|Aerodactyl, M|100\/100\n|-ability|p1a: Aerodactyl|Pressure\n|turn|3\n|\n|t:|1711946994\n|move|p1a: Aerodactyl|Stealth Rock|p2a: Bisharp\n|-sidestart|p2: ORASZ Ruffles|move: Stealth Rock\n|move|p2a: Bisharp|Swords Dance|p2a: Bisharp\n|-boost|p2a: Bisharp|atk|2\n|\n|upkeep\n|turn|4\n|\n|t:|1711947002\n|move|p2a: Bisharp|Sucker Punch||[still]\n|-fail|p2a: Bisharp\n|move|p1a: Aerodactyl|Taunt|p2a: Bisharp\n|-start|p2a: Bisharp|move: Taunt\n|\n|upkeep\n|turn|5\n|\n|t:|1711947023\n|move|p2a: Bisharp|Sucker Punch|p1a: Aerodactyl\n|-damage|p1a: Aerodactyl|0 fnt\n|-damage|p2a: Bisharp|68\/100|[from] item: Rocky Helmet|[of] p1a: Aerodactyl\n|faint|p1a: Aerodactyl\n|\n|upkeep\n|\n|t:|1711947030\n|switch|p1a: Scizor|Scizor, M|100\/100\n|turn|6\n|\n|t:|1711947042\n|detailschange|p1a: Scizor|Scizor-Mega, M\n|-mega|p1a: Scizor|Scizor|Scizorite\n|move|p2a: Bisharp|Sucker Punch|p1a: Scizor\n|-damage|p1a: Scizor|4\/100\n|move|p1a: Scizor|Bug Bite|p2a: Bisharp\n|-damage|p2a: Bisharp|0 fnt\n|faint|p2a: Bisharp\n|\n|upkeep\n|\n|t:|1711947046\n|switch|p2a: Landorus|Landorus-Therian, M|100\/100\n|-damage|p2a: Landorus|88\/100|[from] Stealth Rock\n|-ability|p2a: Landorus|Intimidate|boost\n|-unboost|p1a: Scizor|atk|1\n|turn|7\n|\n|t:|1711947060\n|move|p2a: Landorus|Stealth Rock|p1a: Scizor\n|-sidestart|p1: radical robert|move: Stealth Rock\n|move|p1a: Scizor|Knock Off|p2a: Landorus\n|-damage|p2a: Landorus|59\/100\n|-enditem|p2a: Landorus|Choice Scarf|[from] move: Knock Off|[of] p1a: Scizor\n|\n|upkeep\n|turn|8\n|\n|t:|1711947066\n|move|p1a: Scizor|Bullet Punch|p2a: Landorus\n|-damage|p2a: Landorus|30\/100\n|move|p2a: Landorus|U-turn|p1a: Scizor\n|-resisted|p1a: Scizor\n|-damage|p1a: Scizor|0 fnt\n|faint|p1a: Scizor\n|\n|t:|1711947072\n|switch|p2a: Serperior|Serperior, M|100\/100|[from] U-turn\n|-damage|p2a: Serperior|88\/100|[from] Stealth Rock\n|\n|upkeep\n|inactive|radical robert has 120 seconds left.\n|\n|t:|1711947111\n|switch|p1a: Thundurus|Thundurus-Therian, M|100\/100\n|-damage|p1a: Thundurus|75\/100|[from] Stealth Rock\n|turn|9\n|\n|t:|1711947117\n|move|p2a: Serperior|Taunt|p1a: Thundurus\n|-start|p1a: Thundurus|move: Taunt\n|cant|p1a: Thundurus|move: Taunt|Nasty Plot\n|\n|upkeep\n|turn|10\n|\n|t:|1711947119\n|move|p2a: Serperior|Light Screen|p2a: Serperior\n|-sidestart|p2: ORASZ Ruffles|move: Light Screen\n|move|p1a: Thundurus|Hidden Power|p2a: Serperior\n|-supereffective|p2a: Serperior\n|-damage|p2a: Serperior|66\/100\n|\n|upkeep\n|turn|11\n|\n|t:|1711947128\n|move|p2a: Serperior|Leaf Storm|p1a: Thundurus\n|-resisted|p1a: Thundurus\n|-damage|p1a: Thundurus|52\/100\n|-boost|p2a: Serperior|spa|2\n|move|p1a: Thundurus|Hidden Power|p2a: Serperior\n|-supereffective|p2a: Serperior\n|-damage|p2a: Serperior|44\/100\n|\n|-end|p1a: Thundurus|move: Taunt\n|upkeep\n|turn|12\n|\n|t:|1711947132\n|move|p2a: Serperior|Leaf Storm|p1a: Thundurus|[miss]\n|-miss|p2a: Serperior|p1a: Thundurus\n|move|p1a: Thundurus|Hidden Power|p2a: Serperior\n|-supereffective|p2a: Serperior\n|-damage|p2a: Serperior|23\/100\n|\n|upkeep\n|turn|13\n|\n|t:|1711947135\n|move|p2a: Serperior|Leaf Storm|p1a: Thundurus\n|-resisted|p1a: Thundurus\n|-damage|p1a: Thundurus|3\/100\n|-boost|p2a: Serperior|spa|2\n|-enditem|p1a: Thundurus|Sitrus Berry|[eat]\n|-heal|p1a: Thundurus|28\/100|[from] item: Sitrus Berry\n|move|p1a: Thundurus|Nasty Plot|p1a: Thundurus\n|-boost|p1a: Thundurus|spa|2\n|\n|upkeep\n|turn|14\n|\n|t:|1711947137\n|move|p2a: Serperior|Leaf Storm|p1a: Thundurus\n|-resisted|p1a: Thundurus\n|-damage|p1a: Thundurus|0 fnt\n|-boost|p2a: Serperior|spa|2\n|faint|p1a: Thundurus\n|\n|upkeep\n|-message|radical robert forfeited.\n|\n|win|ORASZ Ruffles\n|raw|radical robert's rating: 1331 &rarr; <strong>1325<\/strong><br \/>(-6 for losing)\n|raw|ORASZ Ruffles's rating: 1623 &rarr; <strong>1629<\/strong><br \/>(+6 for winning)\n|l|\u2606radical robert\n|player|p1|\n|l|\u2606ORASZ Ruffles\n|player|p2|\n","uploadtime":1711947202,"views":0,"formatid":"gen6ou","rating":1325,"private":0,"password":null}